%YAML 1.1
%TAG !u! tag:unity3d.com,2011:
--- !u!29 &1
OcclusionCullingSettings:
  m_ObjectHideFlags: 0
  serializedVersion: 2
  m_OcclusionBakeSettings:
    smallestOccluder: 5
    smallestHole: 0.25
    backfaceThreshold: 100
  m_SceneGUID: 00000000000000000000000000000000
  m_OcclusionCullingData: {fileID: 0}
--- !u!104 &2
RenderSettings:
  m_ObjectHideFlags: 0
  serializedVersion: 9
  m_Fog: 0
  m_FogColor: {r: 0.5, g: 0.5, b: 0.5, a: 1}
  m_FogMode: 3
  m_FogDensity: 0.01
  m_LinearFogStart: 0
  m_LinearFogEnd: 300
  m_AmbientSkyColor: {r: 0.212, g: 0.227, b: 0.259, a: 1}
  m_AmbientEquatorColor: {r: 0.114, g: 0.125, b: 0.133, a: 1}
  m_AmbientGroundColor: {r: 0.047, g: 0.043, b: 0.035, a: 1}
  m_AmbientIntensity: 1
  m_AmbientMode: 3
  m_SubtractiveShadowColor: {r: 0.42, g: 0.478, b: 0.627, a: 1}
  m_SkyboxMaterial: {fileID: 0}
  m_HaloStrength: 0.5
  m_FlareStrength: 1
  m_FlareFadeSpeed: 3
  m_HaloTexture: {fileID: 0}
  m_SpotCookie: {fileID: 10001, guid: 0000000000000000e000000000000000, type: 0}
  m_DefaultReflectionMode: 0
  m_DefaultReflectionResolution: 128
  m_ReflectionBounces: 1
  m_ReflectionIntensity: 1
  m_CustomReflection: {fileID: 0}
  m_Sun: {fileID: 0}
  m_IndirectSpecularColor: {r: 0, g: 0, b: 0, a: 1}
  m_UseRadianceAmbientProbe: 0
--- !u!157 &3
LightmapSettings:
  m_ObjectHideFlags: 0
  serializedVersion: 11
  m_GIWorkflowMode: 1
  m_GISettings:
    serializedVersion: 2
    m_BounceScale: 1
    m_IndirectOutputScale: 1
    m_AlbedoBoost: 1
    m_EnvironmentLightingMode: 0
    m_EnableBakedLightmaps: 0
    m_EnableRealtimeLightmaps: 0
  m_LightmapEditorSettings:
    serializedVersion: 12
    m_Resolution: 2
    m_BakeResolution: 40
    m_AtlasSize: 1024
    m_AO: 0
    m_AOMaxDistance: 1
    m_CompAOExponent: 1
    m_CompAOExponentDirect: 0
    m_ExtractAmbientOcclusion: 0
    m_Padding: 2
    m_LightmapParameters: {fileID: 0}
    m_LightmapsBakeMode: 1
    m_TextureCompression: 1
    m_FinalGather: 0
    m_FinalGatherFiltering: 1
    m_FinalGatherRayCount: 256
    m_ReflectionCompression: 2
    m_MixedBakeMode: 2
    m_BakeBackend: 0
    m_PVRSampling: 1
    m_PVRDirectSampleCount: 32
    m_PVRSampleCount: 500
    m_PVRBounces: 2
    m_PVREnvironmentSampleCount: 500
    m_PVREnvironmentReferencePointCount: 2048
    m_PVRFilteringMode: 2
    m_PVRDenoiserTypeDirect: 0
    m_PVRDenoiserTypeIndirect: 0
    m_PVRDenoiserTypeAO: 0
    m_PVRFilterTypeDirect: 0
    m_PVRFilterTypeIndirect: 0
    m_PVRFilterTypeAO: 0
    m_PVREnvironmentMIS: 0
    m_PVRCulling: 1
    m_PVRFilteringGaussRadiusDirect: 1
    m_PVRFilteringGaussRadiusIndirect: 5
    m_PVRFilteringGaussRadiusAO: 2
    m_PVRFilteringAtrousPositionSigmaDirect: 0.5
    m_PVRFilteringAtrousPositionSigmaIndirect: 2
    m_PVRFilteringAtrousPositionSigmaAO: 1
    m_ShowResolutionOverlay: 1
    m_ExportTrainingData: 0
  m_LightingDataAsset: {fileID: 0}
  m_UseShadowmask: 1
--- !u!196 &4
NavMeshSettings:
  serializedVersion: 2
  m_ObjectHideFlags: 0
  m_BuildSettings:
    serializedVersion: 2
    agentTypeID: 0
    agentRadius: 0.5
    agentHeight: 2
    agentSlope: 45
    agentClimb: 0.4
    ledgeDropHeight: 0
    maxJumpAcrossDistance: 0
    minRegionArea: 2
    manualCellSize: 0
    cellSize: 0.16666667
    manualTileSize: 0
    tileSize: 256
    accuratePlacement: 0
    debug:
      m_Flags: 0
  m_NavMeshData: {fileID: 0}
--- !u!1 &379141994
GameObject:
  m_ObjectHideFlags: 0
  m_CorrespondingSourceObject: {fileID: 0}
  m_PrefabInstance: {fileID: 0}
  m_PrefabAsset: {fileID: 0}
  serializedVersion: 6
  m_Component:
  - component: {fileID: 379141995}
  - component: {fileID: 379141997}
  - component: {fileID: 379141996}
  m_Layer: 5
  m_Name: Best score txt
  m_TagString: Untagged
  m_Icon: {fileID: 0}
  m_NavMeshLayer: 0
  m_StaticEditorFlags: 0
  m_IsActive: 1
--- !u!224 &379141995
RectTransform:
  m_ObjectHideFlags: 0
  m_CorrespondingSourceObject: {fileID: 0}
  m_PrefabInstance: {fileID: 0}
  m_PrefabAsset: {fileID: 0}
  m_GameObject: {fileID: 379141994}
  m_LocalRotation: {x: 0, y: 0, z: 0, w: 1}
  m_LocalPosition: {x: 0, y: 0, z: 0}
  m_LocalScale: {x: 1, y: 1, z: 1}
  m_Children: []
  m_Father: {fileID: 1916146647}
  m_RootOrder: 4
  m_LocalEulerAnglesHint: {x: 0, y: 0, z: 0}
  m_AnchorMin: {x: 0.12650001, y: 0.55}
  m_AnchorMax: {x: 0.48900002, y: 0.61}
  m_AnchoredPosition: {x: 0.35998535, y: 0.37999725}
  m_SizeDelta: {x: -0.47999573, y: -2.1699982}
  m_Pivot: {x: 0.5, y: 0.5}
--- !u!114 &379141996
MonoBehaviour:
  m_ObjectHideFlags: 0
  m_CorrespondingSourceObject: {fileID: 0}
  m_PrefabInstance: {fileID: 0}
  m_PrefabAsset: {fileID: 0}
  m_GameObject: {fileID: 379141994}
  m_Enabled: 1
  m_EditorHideFlags: 0
  m_Script: {fileID: 708705254, guid: f70555f144d8491a825f0804e09c671c, type: 3}
  m_Name: 
  m_EditorClassIdentifier: 
  m_Material: {fileID: 0}
  m_Color: {r: 1, g: 1, b: 1, a: 1}
  m_RaycastTarget: 1
  m_OnCullStateChanged:
    m_PersistentCalls:
      m_Calls: []
    m_TypeName: UnityEngine.UI.MaskableGraphic+CullStateChangedEvent, UnityEngine.UI,
      Version=1.0.0.0, Culture=neutral, PublicKeyToken=null
  m_FontData:
    m_Font: {fileID: 10102, guid: 0000000000000000e000000000000000, type: 0}
    m_FontSize: 28
    m_FontStyle: 0
    m_BestFit: 0
    m_MinSize: 10
    m_MaxSize: 40
    m_Alignment: 4
    m_AlignByGeometry: 0
    m_RichText: 1
    m_HorizontalOverflow: 0
    m_VerticalOverflow: 1
    m_LineSpacing: 1
  m_Text: 'Best score:'
--- !u!222 &379141997
CanvasRenderer:
  m_ObjectHideFlags: 0
  m_CorrespondingSourceObject: {fileID: 0}
  m_PrefabInstance: {fileID: 0}
  m_PrefabAsset: {fileID: 0}
  m_GameObject: {fileID: 379141994}
  m_CullTransparentMesh: 0
--- !u!1001 &495060245
PrefabInstance:
  m_ObjectHideFlags: 0
  serializedVersion: 2
  m_Modification:
    m_TransformParent: {fileID: 1527588081}
    m_Modifications:
    - target: {fileID: 4824965847778165841, guid: 07d12a327c4ace54a8725818bd1f513d,
        type: 3}
      propertyPath: m_Name
      value: Button 1
      objectReference: {fileID: 0}
    - target: {fileID: 5422930127880662404, guid: 07d12a327c4ace54a8725818bd1f513d,
        type: 3}
      propertyPath: m_LocalPosition.x
      value: 0
      objectReference: {fileID: 0}
    - target: {fileID: 5422930127880662404, guid: 07d12a327c4ace54a8725818bd1f513d,
        type: 3}
      propertyPath: m_LocalPosition.y
      value: 0
      objectReference: {fileID: 0}
    - target: {fileID: 5422930127880662404, guid: 07d12a327c4ace54a8725818bd1f513d,
        type: 3}
      propertyPath: m_LocalPosition.z
      value: 0
      objectReference: {fileID: 0}
    - target: {fileID: 5422930127880662404, guid: 07d12a327c4ace54a8725818bd1f513d,
        type: 3}
      propertyPath: m_LocalRotation.x
      value: 0
      objectReference: {fileID: 0}
    - target: {fileID: 5422930127880662404, guid: 07d12a327c4ace54a8725818bd1f513d,
        type: 3}
      propertyPath: m_LocalRotation.y
      value: 0
      objectReference: {fileID: 0}
    - target: {fileID: 5422930127880662404, guid: 07d12a327c4ace54a8725818bd1f513d,
        type: 3}
      propertyPath: m_LocalRotation.z
      value: 0
      objectReference: {fileID: 0}
    - target: {fileID: 5422930127880662404, guid: 07d12a327c4ace54a8725818bd1f513d,
        type: 3}
      propertyPath: m_LocalRotation.w
      value: 1
      objectReference: {fileID: 0}
    - target: {fileID: 5422930127880662404, guid: 07d12a327c4ace54a8725818bd1f513d,
        type: 3}
      propertyPath: m_RootOrder
      value: 2
      objectReference: {fileID: 0}
    - target: {fileID: 5422930127880662404, guid: 07d12a327c4ace54a8725818bd1f513d,
        type: 3}
      propertyPath: m_LocalEulerAnglesHint.x
      value: 0
      objectReference: {fileID: 0}
    - target: {fileID: 5422930127880662404, guid: 07d12a327c4ace54a8725818bd1f513d,
        type: 3}
      propertyPath: m_LocalEulerAnglesHint.y
      value: 0
      objectReference: {fileID: 0}
    - target: {fileID: 5422930127880662404, guid: 07d12a327c4ace54a8725818bd1f513d,
        type: 3}
      propertyPath: m_LocalEulerAnglesHint.z
      value: 0
      objectReference: {fileID: 0}
    - target: {fileID: 5422930127880662404, guid: 07d12a327c4ace54a8725818bd1f513d,
        type: 3}
      propertyPath: m_AnchoredPosition.x
      value: 0
      objectReference: {fileID: 0}
    - target: {fileID: 5422930127880662404, guid: 07d12a327c4ace54a8725818bd1f513d,
        type: 3}
      propertyPath: m_AnchoredPosition.y
      value: -2.2999878
      objectReference: {fileID: 0}
    - target: {fileID: 5422930127880662404, guid: 07d12a327c4ace54a8725818bd1f513d,
        type: 3}
      propertyPath: m_SizeDelta.x
      value: -0.8999939
      objectReference: {fileID: 0}
    - target: {fileID: 5422930127880662404, guid: 07d12a327c4ace54a8725818bd1f513d,
        type: 3}
      propertyPath: m_SizeDelta.y
      value: 4
      objectReference: {fileID: 0}
    - target: {fileID: 5422930127880662404, guid: 07d12a327c4ace54a8725818bd1f513d,
        type: 3}
      propertyPath: m_AnchorMin.x
      value: 0.5377679
      objectReference: {fileID: 0}
    - target: {fileID: 5422930127880662404, guid: 07d12a327c4ace54a8725818bd1f513d,
        type: 3}
      propertyPath: m_AnchorMin.y
      value: 0.29177776
      objectReference: {fileID: 0}
    - target: {fileID: 5422930127880662404, guid: 07d12a327c4ace54a8725818bd1f513d,
        type: 3}
      propertyPath: m_AnchorMax.x
      value: 0.95800006
      objectReference: {fileID: 0}
    - target: {fileID: 5422930127880662404, guid: 07d12a327c4ace54a8725818bd1f513d,
        type: 3}
      propertyPath: m_AnchorMax.y
      value: 0.48188898
      objectReference: {fileID: 0}
    - target: {fileID: 5422930127880662404, guid: 07d12a327c4ace54a8725818bd1f513d,
        type: 3}
      propertyPath: m_Pivot.x
      value: 0.5
      objectReference: {fileID: 0}
    - target: {fileID: 5422930127880662404, guid: 07d12a327c4ace54a8725818bd1f513d,
        type: 3}
      propertyPath: m_Pivot.y
      value: 0.5
      objectReference: {fileID: 0}
    - target: {fileID: 4641564333485213871, guid: 07d12a327c4ace54a8725818bd1f513d,
        type: 3}
      propertyPath: m_Color.r
      value: 1
      objectReference: {fileID: 0}
    - target: {fileID: 4641564333485213871, guid: 07d12a327c4ace54a8725818bd1f513d,
        type: 3}
      propertyPath: m_Color.g
      value: 1
      objectReference: {fileID: 0}
    - target: {fileID: 4641564333485213871, guid: 07d12a327c4ace54a8725818bd1f513d,
        type: 3}
      propertyPath: m_Color.b
      value: 1
      objectReference: {fileID: 0}
    - target: {fileID: 1293529308180759496, guid: 07d12a327c4ace54a8725818bd1f513d,
        type: 3}
      propertyPath: m_OnClick.m_PersistentCalls.m_Calls.Array.size
      value: 1
      objectReference: {fileID: 0}
    - target: {fileID: 1293529308180759496, guid: 07d12a327c4ace54a8725818bd1f513d,
        type: 3}
      propertyPath: m_OnClick.m_PersistentCalls.m_Calls.Array.data[1].m_Mode
      value: 1
      objectReference: {fileID: 0}
    - target: {fileID: 1293529308180759496, guid: 07d12a327c4ace54a8725818bd1f513d,
        type: 3}
      propertyPath: m_OnClick.m_PersistentCalls.m_Calls.Array.data[1].m_CallState
      value: 2
      objectReference: {fileID: 0}
    - target: {fileID: 5835963858295367212, guid: 07d12a327c4ace54a8725818bd1f513d,
        type: 3}
      propertyPath: button_number
      value: 1
      objectReference: {fileID: 0}
    - target: {fileID: 5835963858295367212, guid: 07d12a327c4ace54a8725818bd1f513d,
        type: 3}
      propertyPath: switcher
      value: 
      objectReference: {fileID: 2062327056}
    - target: {fileID: 5835963858295367212, guid: 07d12a327c4ace54a8725818bd1f513d,
        type: 3}
      propertyPath: score_text
      value: 
      objectReference: {fileID: 961545842}
    - target: {fileID: 5835963858295367212, guid: 07d12a327c4ace54a8725818bd1f513d,
        type: 3}
      propertyPath: game_over_menu
      value: 
      objectReference: {fileID: 1916146646}
    - target: {fileID: 5835963858295367212, guid: 07d12a327c4ace54a8725818bd1f513d,
        type: 3}
      propertyPath: game_over_score
      value: 
      objectReference: {fileID: 2135604474}
    - target: {fileID: 5835963858295367212, guid: 07d12a327c4ace54a8725818bd1f513d,
        type: 3}
      propertyPath: record
      value: 
      objectReference: {fileID: 0}
    - target: {fileID: 5835963858295367212, guid: 07d12a327c4ace54a8725818bd1f513d,
        type: 3}
      propertyPath: timer_image
      value: 
      objectReference: {fileID: 1738005146}
    - target: {fileID: 5835963858295367212, guid: 07d12a327c4ace54a8725818bd1f513d,
        type: 3}
      propertyPath: timer
      value: 
      objectReference: {fileID: 1738005146}
    - target: {fileID: 5835963858295367212, guid: 07d12a327c4ace54a8725818bd1f513d,
        type: 3}
      propertyPath: menu
      value: 
      objectReference: {fileID: 1317253990}
    m_RemovedComponents: []
  m_SourcePrefab: {fileID: 100100000, guid: 07d12a327c4ace54a8725818bd1f513d, type: 3}
--- !u!1001 &514108739
PrefabInstance:
  m_ObjectHideFlags: 0
  serializedVersion: 2
  m_Modification:
    m_TransformParent: {fileID: 1527588081}
    m_Modifications:
    - target: {fileID: 4824965847778165841, guid: 07d12a327c4ace54a8725818bd1f513d,
        type: 3}
      propertyPath: m_Name
      value: Button 2
      objectReference: {fileID: 0}
    - target: {fileID: 5422930127880662404, guid: 07d12a327c4ace54a8725818bd1f513d,
        type: 3}
      propertyPath: m_LocalPosition.x
      value: 0
      objectReference: {fileID: 0}
    - target: {fileID: 5422930127880662404, guid: 07d12a327c4ace54a8725818bd1f513d,
        type: 3}
      propertyPath: m_LocalPosition.y
      value: 0
      objectReference: {fileID: 0}
    - target: {fileID: 5422930127880662404, guid: 07d12a327c4ace54a8725818bd1f513d,
        type: 3}
      propertyPath: m_LocalPosition.z
      value: 0
      objectReference: {fileID: 0}
    - target: {fileID: 5422930127880662404, guid: 07d12a327c4ace54a8725818bd1f513d,
        type: 3}
      propertyPath: m_LocalRotation.x
      value: 0
      objectReference: {fileID: 0}
    - target: {fileID: 5422930127880662404, guid: 07d12a327c4ace54a8725818bd1f513d,
        type: 3}
      propertyPath: m_LocalRotation.y
      value: 0
      objectReference: {fileID: 0}
    - target: {fileID: 5422930127880662404, guid: 07d12a327c4ace54a8725818bd1f513d,
        type: 3}
      propertyPath: m_LocalRotation.z
      value: 0
      objectReference: {fileID: 0}
    - target: {fileID: 5422930127880662404, guid: 07d12a327c4ace54a8725818bd1f513d,
        type: 3}
      propertyPath: m_LocalRotation.w
      value: 1
      objectReference: {fileID: 0}
    - target: {fileID: 5422930127880662404, guid: 07d12a327c4ace54a8725818bd1f513d,
        type: 3}
      propertyPath: m_RootOrder
      value: 3
      objectReference: {fileID: 0}
    - target: {fileID: 5422930127880662404, guid: 07d12a327c4ace54a8725818bd1f513d,
        type: 3}
      propertyPath: m_LocalEulerAnglesHint.x
      value: 0
      objectReference: {fileID: 0}
    - target: {fileID: 5422930127880662404, guid: 07d12a327c4ace54a8725818bd1f513d,
        type: 3}
      propertyPath: m_LocalEulerAnglesHint.y
      value: 0
      objectReference: {fileID: 0}
    - target: {fileID: 5422930127880662404, guid: 07d12a327c4ace54a8725818bd1f513d,
        type: 3}
      propertyPath: m_LocalEulerAnglesHint.z
      value: 0
      objectReference: {fileID: 0}
    - target: {fileID: 5422930127880662404, guid: 07d12a327c4ace54a8725818bd1f513d,
        type: 3}
      propertyPath: m_AnchoredPosition.x
      value: 1
      objectReference: {fileID: 0}
    - target: {fileID: 5422930127880662404, guid: 07d12a327c4ace54a8725818bd1f513d,
        type: 3}
      propertyPath: m_AnchoredPosition.y
      value: 0
      objectReference: {fileID: 0}
    - target: {fileID: 5422930127880662404, guid: 07d12a327c4ace54a8725818bd1f513d,
        type: 3}
      propertyPath: m_SizeDelta.x
      value: 1.1000061
      objectReference: {fileID: 0}
    - target: {fileID: 5422930127880662404, guid: 07d12a327c4ace54a8725818bd1f513d,
        type: 3}
      propertyPath: m_SizeDelta.y
      value: 1
      objectReference: {fileID: 0}
    - target: {fileID: 5422930127880662404, guid: 07d12a327c4ace54a8725818bd1f513d,
        type: 3}
      propertyPath: m_AnchorMin.x
      value: 0.039696425
      objectReference: {fileID: 0}
    - target: {fileID: 5422930127880662404, guid: 07d12a327c4ace54a8725818bd1f513d,
        type: 3}
      propertyPath: m_AnchorMin.y
      value: 0.06116667
      objectReference: {fileID: 0}
    - target: {fileID: 5422930127880662404, guid: 07d12a327c4ace54a8725818bd1f513d,
        type: 3}
      propertyPath: m_AnchorMax.x
      value: 0.45537505
      objectReference: {fileID: 0}
    - target: {fileID: 5422930127880662404, guid: 07d12a327c4ace54a8725818bd1f513d,
        type: 3}
      propertyPath: m_AnchorMax.y
      value: 0.2556667
      objectReference: {fileID: 0}
    - target: {fileID: 5422930127880662404, guid: 07d12a327c4ace54a8725818bd1f513d,
        type: 3}
      propertyPath: m_Pivot.x
      value: 0.5
      objectReference: {fileID: 0}
    - target: {fileID: 5422930127880662404, guid: 07d12a327c4ace54a8725818bd1f513d,
        type: 3}
      propertyPath: m_Pivot.y
      value: 0.5
      objectReference: {fileID: 0}
    - target: {fileID: 5835963858295367212, guid: 07d12a327c4ace54a8725818bd1f513d,
        type: 3}
      propertyPath: button_number
      value: 2
      objectReference: {fileID: 0}
    - target: {fileID: 5835963858295367212, guid: 07d12a327c4ace54a8725818bd1f513d,
        type: 3}
      propertyPath: switcher
      value: 
      objectReference: {fileID: 2062327056}
    - target: {fileID: 5835963858295367212, guid: 07d12a327c4ace54a8725818bd1f513d,
        type: 3}
      propertyPath: score_text
      value: 
      objectReference: {fileID: 961545842}
    - target: {fileID: 5835963858295367212, guid: 07d12a327c4ace54a8725818bd1f513d,
        type: 3}
      propertyPath: game_over_menu
      value: 
      objectReference: {fileID: 1916146646}
    - target: {fileID: 5835963858295367212, guid: 07d12a327c4ace54a8725818bd1f513d,
        type: 3}
      propertyPath: game_over_score
      value: 
      objectReference: {fileID: 2135604474}
    - target: {fileID: 5835963858295367212, guid: 07d12a327c4ace54a8725818bd1f513d,
        type: 3}
      propertyPath: record
      value: 
      objectReference: {fileID: 0}
    - target: {fileID: 5835963858295367212, guid: 07d12a327c4ace54a8725818bd1f513d,
        type: 3}
      propertyPath: timer_image
      value: 
      objectReference: {fileID: 1738005146}
    - target: {fileID: 5835963858295367212, guid: 07d12a327c4ace54a8725818bd1f513d,
        type: 3}
      propertyPath: timer
      value: 
      objectReference: {fileID: 1738005146}
    - target: {fileID: 5835963858295367212, guid: 07d12a327c4ace54a8725818bd1f513d,
        type: 3}
      propertyPath: menu
      value: 
      objectReference: {fileID: 1317253990}
    m_RemovedComponents: []
  m_SourcePrefab: {fileID: 100100000, guid: 07d12a327c4ace54a8725818bd1f513d, type: 3}
--- !u!1 &519420028
GameObject:
  m_ObjectHideFlags: 0
  m_CorrespondingSourceObject: {fileID: 0}
  m_PrefabInstance: {fileID: 0}
  m_PrefabAsset: {fileID: 0}
  serializedVersion: 6
  m_Component:
  - component: {fileID: 519420032}
  - component: {fileID: 519420031}
  - component: {fileID: 519420029}
  m_Layer: 0
  m_Name: Main Camera
  m_TagString: MainCamera
  m_Icon: {fileID: 0}
  m_NavMeshLayer: 0
  m_StaticEditorFlags: 0
  m_IsActive: 1
--- !u!81 &519420029
AudioListener:
  m_ObjectHideFlags: 0
  m_CorrespondingSourceObject: {fileID: 0}
  m_PrefabInstance: {fileID: 0}
  m_PrefabAsset: {fileID: 0}
  m_GameObject: {fileID: 519420028}
  m_Enabled: 1
--- !u!20 &519420031
Camera:
  m_ObjectHideFlags: 0
  m_CorrespondingSourceObject: {fileID: 0}
  m_PrefabInstance: {fileID: 0}
  m_PrefabAsset: {fileID: 0}
  m_GameObject: {fileID: 519420028}
  m_Enabled: 1
  serializedVersion: 2
  m_ClearFlags: 2
  m_BackGroundColor: {r: 0.19215687, g: 0.3019608, b: 0.4745098, a: 0}
  m_projectionMatrixMode: 1
  m_GateFitMode: 2
  m_FOVAxisMode: 0
  m_SensorSize: {x: 36, y: 24}
  m_LensShift: {x: 0, y: 0}
  m_FocalLength: 50
  m_NormalizedViewPortRect:
    serializedVersion: 2
    x: 0
    y: 0
    width: 1
    height: 1
  near clip plane: 0.3
  far clip plane: 1000
  field of view: 60
  orthographic: 1
  orthographic size: 5
  m_Depth: -1
  m_CullingMask:
    serializedVersion: 2
    m_Bits: 4294967295
  m_RenderingPath: -1
  m_TargetTexture: {fileID: 0}
  m_TargetDisplay: 0
  m_TargetEye: 0
  m_HDR: 1
  m_AllowMSAA: 0
  m_AllowDynamicResolution: 0
  m_ForceIntoRT: 0
  m_OcclusionCulling: 0
  m_StereoConvergence: 10
  m_StereoSeparation: 0.022
--- !u!4 &519420032
Transform:
  m_ObjectHideFlags: 0
  m_CorrespondingSourceObject: {fileID: 0}
  m_PrefabInstance: {fileID: 0}
  m_PrefabAsset: {fileID: 0}
  m_GameObject: {fileID: 519420028}
  m_LocalRotation: {x: 0, y: 0, z: 0, w: 1}
  m_LocalPosition: {x: 0, y: 0, z: -10}
  m_LocalScale: {x: 0.6625, y: 1, z: 1}
  m_Children: []
  m_Father: {fileID: 0}
  m_RootOrder: 0
  m_LocalEulerAnglesHint: {x: 0, y: 0, z: 0}
--- !u!1 &579752095
GameObject:
  m_ObjectHideFlags: 0
  m_CorrespondingSourceObject: {fileID: 0}
  m_PrefabInstance: {fileID: 0}
  m_PrefabAsset: {fileID: 0}
  serializedVersion: 6
  m_Component:
  - component: {fileID: 579752096}
  - component: {fileID: 579752099}
  - component: {fileID: 579752098}
  - component: {fileID: 579752097}
  m_Layer: 5
  m_Name: Play button
  m_TagString: Untagged
  m_Icon: {fileID: 0}
  m_NavMeshLayer: 0
  m_StaticEditorFlags: 0
  m_IsActive: 1
--- !u!224 &579752096
RectTransform:
  m_ObjectHideFlags: 0
  m_CorrespondingSourceObject: {fileID: 0}
  m_PrefabInstance: {fileID: 0}
  m_PrefabAsset: {fileID: 0}
  m_GameObject: {fileID: 579752095}
  m_LocalRotation: {x: 0, y: 0, z: 0, w: 1}
  m_LocalPosition: {x: 0, y: 0, z: 0}
  m_LocalScale: {x: 1, y: 1, z: 1}
  m_Children: []
  m_Father: {fileID: 2093970670}
  m_RootOrder: 1
  m_LocalEulerAnglesHint: {x: 0, y: 0, z: 0}
  m_AnchorMin: {x: 0.25955555, y: 0.3384375}
  m_AnchorMax: {x: 0.74027777, y: 0.6066875}
  m_AnchoredPosition: {x: 0, y: 0}
  m_SizeDelta: {x: 0.7000122, y: 1.2000122}
  m_Pivot: {x: 0.5, y: 0.5}
--- !u!114 &579752097
MonoBehaviour:
  m_ObjectHideFlags: 0
  m_CorrespondingSourceObject: {fileID: 0}
  m_PrefabInstance: {fileID: 0}
  m_PrefabAsset: {fileID: 0}
  m_GameObject: {fileID: 579752095}
  m_Enabled: 1
  m_EditorHideFlags: 0
  m_Script: {fileID: 1392445389, guid: f70555f144d8491a825f0804e09c671c, type: 3}
  m_Name: 
  m_EditorClassIdentifier: 
  m_Navigation:
    m_Mode: 3
    m_SelectOnUp: {fileID: 0}
    m_SelectOnDown: {fileID: 0}
    m_SelectOnLeft: {fileID: 0}
    m_SelectOnRight: {fileID: 0}
  m_Transition: 1
  m_Colors:
    m_NormalColor: {r: 1, g: 1, b: 1, a: 1}
    m_HighlightedColor: {r: 0.9607843, g: 0.9607843, b: 0.9607843, a: 1}
    m_PressedColor: {r: 0.78431374, g: 0.78431374, b: 0.78431374, a: 1}
    m_SelectedColor: {r: 0.9607843, g: 0.9607843, b: 0.9607843, a: 1}
    m_DisabledColor: {r: 0.78431374, g: 0.78431374, b: 0.78431374, a: 0.5019608}
    m_ColorMultiplier: 1
    m_FadeDuration: 0.1
  m_SpriteState:
    m_HighlightedSprite: {fileID: 0}
    m_PressedSprite: {fileID: 0}
    m_SelectedSprite: {fileID: 0}
    m_DisabledSprite: {fileID: 0}
  m_AnimationTriggers:
    m_NormalTrigger: Normal
    m_HighlightedTrigger: Highlighted
    m_PressedTrigger: Pressed
    m_SelectedTrigger: Selected
    m_DisabledTrigger: Disabled
  m_Interactable: 1
  m_TargetGraphic: {fileID: 579752098}
  m_OnClick:
    m_PersistentCalls:
      m_Calls:
      - m_Target: {fileID: 1317253991}
        m_MethodName: Play
        m_Mode: 1
        m_Arguments:
          m_ObjectArgument: {fileID: 0}
          m_ObjectArgumentAssemblyTypeName: UnityEngine.Object, UnityEngine
          m_IntArgument: 0
          m_FloatArgument: 0
          m_StringArgument: 
          m_BoolArgument: 0
        m_CallState: 2
    m_TypeName: UnityEngine.UI.Button+ButtonClickedEvent, UnityEngine.UI, Version=1.0.0.0,
      Culture=neutral, PublicKeyToken=null
--- !u!114 &579752098
MonoBehaviour:
  m_ObjectHideFlags: 0
  m_CorrespondingSourceObject: {fileID: 0}
  m_PrefabInstance: {fileID: 0}
  m_PrefabAsset: {fileID: 0}
  m_GameObject: {fileID: 579752095}
  m_Enabled: 1
  m_EditorHideFlags: 0
  m_Script: {fileID: -765806418, guid: f70555f144d8491a825f0804e09c671c, type: 3}
  m_Name: 
  m_EditorClassIdentifier: 
  m_Material: {fileID: 0}
  m_Color: {r: 1, g: 1, b: 1, a: 1}
  m_RaycastTarget: 1
  m_OnCullStateChanged:
    m_PersistentCalls:
      m_Calls: []
    m_TypeName: UnityEngine.UI.MaskableGraphic+CullStateChangedEvent, UnityEngine.UI,
      Version=1.0.0.0, Culture=neutral, PublicKeyToken=null
  m_Sprite: {fileID: 21300000, guid: 8e6837311f29c3740861e049bbadd324, type: 3}
  m_Type: 0
  m_PreserveAspect: 0
  m_FillCenter: 1
  m_FillMethod: 4
  m_FillAmount: 1
  m_FillClockwise: 1
  m_FillOrigin: 0
  m_UseSpriteMesh: 0
--- !u!222 &579752099
CanvasRenderer:
  m_ObjectHideFlags: 0
  m_CorrespondingSourceObject: {fileID: 0}
  m_PrefabInstance: {fileID: 0}
  m_PrefabAsset: {fileID: 0}
  m_GameObject: {fileID: 579752095}
  m_CullTransparentMesh: 0
--- !u!1 &679158759
GameObject:
  m_ObjectHideFlags: 0
  m_CorrespondingSourceObject: {fileID: 0}
  m_PrefabInstance: {fileID: 0}
  m_PrefabAsset: {fileID: 0}
  serializedVersion: 6
  m_Component:
  - component: {fileID: 679158760}
  - component: {fileID: 679158762}
  - component: {fileID: 679158761}
  m_Layer: 5
  m_Name: Score txt
  m_TagString: Untagged
  m_Icon: {fileID: 0}
  m_NavMeshLayer: 0
  m_StaticEditorFlags: 0
  m_IsActive: 1
--- !u!224 &679158760
RectTransform:
  m_ObjectHideFlags: 0
  m_CorrespondingSourceObject: {fileID: 0}
  m_PrefabInstance: {fileID: 0}
  m_PrefabAsset: {fileID: 0}
  m_GameObject: {fileID: 679158759}
  m_LocalRotation: {x: 0, y: 0, z: 0, w: 1}
  m_LocalPosition: {x: 0, y: 0, z: 0}
  m_LocalScale: {x: 1, y: 1, z: 1}
  m_Children: []
  m_Father: {fileID: 1916146647}
  m_RootOrder: 2
  m_LocalEulerAnglesHint: {x: 0, y: 0, z: 0}
  m_AnchorMin: {x: 0.12650001, y: 0.61}
  m_AnchorMax: {x: 0.48900002, y: 0.70325005}
  m_AnchoredPosition: {x: 0.5, y: 0}
  m_SizeDelta: {x: -0.2000122, y: -1.199997}
  m_Pivot: {x: 0.5, y: 0.5}
--- !u!114 &679158761
MonoBehaviour:
  m_ObjectHideFlags: 0
  m_CorrespondingSourceObject: {fileID: 0}
  m_PrefabInstance: {fileID: 0}
  m_PrefabAsset: {fileID: 0}
  m_GameObject: {fileID: 679158759}
  m_Enabled: 1
  m_EditorHideFlags: 0
  m_Script: {fileID: 708705254, guid: f70555f144d8491a825f0804e09c671c, type: 3}
  m_Name: 
  m_EditorClassIdentifier: 
  m_Material: {fileID: 0}
  m_Color: {r: 1, g: 1, b: 1, a: 1}
  m_RaycastTarget: 1
  m_OnCullStateChanged:
    m_PersistentCalls:
      m_Calls: []
    m_TypeName: UnityEngine.UI.MaskableGraphic+CullStateChangedEvent, UnityEngine.UI,
      Version=1.0.0.0, Culture=neutral, PublicKeyToken=null
  m_FontData:
    m_Font: {fileID: 10102, guid: 0000000000000000e000000000000000, type: 0}
    m_FontSize: 61
    m_FontStyle: 0
    m_BestFit: 0
    m_MinSize: 10
    m_MaxSize: 64
    m_Alignment: 4
    m_AlignByGeometry: 0
    m_RichText: 1
    m_HorizontalOverflow: 1
    m_VerticalOverflow: 1
    m_LineSpacing: 1
  m_Text: 'Score:'
--- !u!222 &679158762
CanvasRenderer:
  m_ObjectHideFlags: 0
  m_CorrespondingSourceObject: {fileID: 0}
  m_PrefabInstance: {fileID: 0}
  m_PrefabAsset: {fileID: 0}
  m_GameObject: {fileID: 679158759}
  m_CullTransparentMesh: 0
--- !u!1 &717642908 stripped
GameObject:
  m_CorrespondingSourceObject: {fileID: 4824965847778165841, guid: 07d12a327c4ace54a8725818bd1f513d,
    type: 3}
  m_PrefabInstance: {fileID: 495060245}
  m_PrefabAsset: {fileID: 0}
--- !u!224 &717642909 stripped
RectTransform:
  m_CorrespondingSourceObject: {fileID: 5422930127880662404, guid: 07d12a327c4ace54a8725818bd1f513d,
    type: 3}
  m_PrefabInstance: {fileID: 495060245}
  m_PrefabAsset: {fileID: 0}
--- !u!1 &893962312
GameObject:
  m_ObjectHideFlags: 0
  m_CorrespondingSourceObject: {fileID: 0}
  m_PrefabInstance: {fileID: 0}
  m_PrefabAsset: {fileID: 0}
  serializedVersion: 6
  m_Component:
  - component: {fileID: 893962313}
  - component: {fileID: 893962315}
  - component: {fileID: 893962314}
  m_Layer: 5
  m_Name: Best score
  m_TagString: Untagged
  m_Icon: {fileID: 0}
  m_NavMeshLayer: 0
  m_StaticEditorFlags: 0
  m_IsActive: 1
--- !u!224 &893962313
RectTransform:
  m_ObjectHideFlags: 0
  m_CorrespondingSourceObject: {fileID: 0}
  m_PrefabInstance: {fileID: 0}
  m_PrefabAsset: {fileID: 0}
  m_GameObject: {fileID: 893962312}
  m_LocalRotation: {x: 0, y: 0, z: 0, w: 1}
  m_LocalPosition: {x: 0, y: 0, z: 0}
  m_LocalScale: {x: 1, y: 1, z: 1}
  m_Children: []
  m_Father: {fileID: 1916146647}
  m_RootOrder: 5
  m_LocalEulerAnglesHint: {x: 0, y: 0, z: 0}
  m_AnchorMin: {x: 0.48900002, y: 0.55}
  m_AnchorMax: {x: 0.85333335, y: 0.61}
  m_AnchoredPosition: {x: -0.32000732, y: 0.37799835}
  m_SizeDelta: {x: -1.0800018, y: -2.1730003}
  m_Pivot: {x: 0.5, y: 0.5}
--- !u!114 &893962314
MonoBehaviour:
  m_ObjectHideFlags: 0
  m_CorrespondingSourceObject: {fileID: 0}
  m_PrefabInstance: {fileID: 0}
  m_PrefabAsset: {fileID: 0}
  m_GameObject: {fileID: 893962312}
  m_Enabled: 1
  m_EditorHideFlags: 0
  m_Script: {fileID: 708705254, guid: f70555f144d8491a825f0804e09c671c, type: 3}
  m_Name: 
  m_EditorClassIdentifier: 
  m_Material: {fileID: 0}
  m_Color: {r: 1, g: 1, b: 1, a: 1}
  m_RaycastTarget: 0
  m_OnCullStateChanged:
    m_PersistentCalls:
      m_Calls: []
    m_TypeName: UnityEngine.UI.MaskableGraphic+CullStateChangedEvent, UnityEngine.UI,
      Version=1.0.0.0, Culture=neutral, PublicKeyToken=null
  m_FontData:
    m_Font: {fileID: 10102, guid: 0000000000000000e000000000000000, type: 0}
    m_FontSize: 37
    m_FontStyle: 0
    m_BestFit: 0
    m_MinSize: 10
    m_MaxSize: 40
    m_Alignment: 4
    m_AlignByGeometry: 0
    m_RichText: 1
    m_HorizontalOverflow: 1
    m_VerticalOverflow: 1
    m_LineSpacing: 1
  m_Text: 
--- !u!222 &893962315
CanvasRenderer:
  m_ObjectHideFlags: 0
  m_CorrespondingSourceObject: {fileID: 0}
  m_PrefabInstance: {fileID: 0}
  m_PrefabAsset: {fileID: 0}
  m_GameObject: {fileID: 893962312}
  m_CullTransparentMesh: 0
--- !u!1 &915870950
GameObject:
  m_ObjectHideFlags: 0
  m_CorrespondingSourceObject: {fileID: 0}
  m_PrefabInstance: {fileID: 0}
  m_PrefabAsset: {fileID: 0}
  serializedVersion: 6
  m_Component:
  - component: {fileID: 915870951}
  - component: {fileID: 915870953}
  - component: {fileID: 915870952}
  m_Layer: 5
  m_Name: Game Over txt
  m_TagString: Untagged
  m_Icon: {fileID: 0}
  m_NavMeshLayer: 0
  m_StaticEditorFlags: 0
  m_IsActive: 1
--- !u!224 &915870951
RectTransform:
  m_ObjectHideFlags: 0
  m_CorrespondingSourceObject: {fileID: 0}
  m_PrefabInstance: {fileID: 0}
  m_PrefabAsset: {fileID: 0}
  m_GameObject: {fileID: 915870950}
  m_LocalRotation: {x: 0, y: 0, z: 0, w: 1}
  m_LocalPosition: {x: 0, y: 0, z: 0}
  m_LocalScale: {x: 1, y: 1, z: 1}
  m_Children: []
  m_Father: {fileID: 1916146647}
  m_RootOrder: 0
  m_LocalEulerAnglesHint: {x: 0, y: 0, z: 0}
  m_AnchorMin: {x: 0.12650001, y: 0.762}
  m_AnchorMax: {x: 0.85333335, y: 0.9025001}
  m_AnchoredPosition: {x: 0.070007324, y: -0.5}
  m_SizeDelta: {x: -1.0600014, y: -2.5}
  m_Pivot: {x: 0.5, y: 0.5}
--- !u!114 &915870952
MonoBehaviour:
  m_ObjectHideFlags: 0
  m_CorrespondingSourceObject: {fileID: 0}
  m_PrefabInstance: {fileID: 0}
  m_PrefabAsset: {fileID: 0}
  m_GameObject: {fileID: 915870950}
  m_Enabled: 1
  m_EditorHideFlags: 0
  m_Script: {fileID: 708705254, guid: f70555f144d8491a825f0804e09c671c, type: 3}
  m_Name: 
  m_EditorClassIdentifier: 
  m_Material: {fileID: 0}
  m_Color: {r: 1, g: 1, b: 1, a: 1}
  m_RaycastTarget: 1
  m_OnCullStateChanged:
    m_PersistentCalls:
      m_Calls: []
    m_TypeName: UnityEngine.UI.MaskableGraphic+CullStateChangedEvent, UnityEngine.UI,
      Version=1.0.0.0, Culture=neutral, PublicKeyToken=null
  m_FontData:
    m_Font: {fileID: 10102, guid: 0000000000000000e000000000000000, type: 0}
    m_FontSize: 55
    m_FontStyle: 0
    m_BestFit: 0
    m_MinSize: 10
    m_MaxSize: 122
    m_Alignment: 4
    m_AlignByGeometry: 0
    m_RichText: 0
    m_HorizontalOverflow: 1
    m_VerticalOverflow: 1
    m_LineSpacing: 1
  m_Text: Game Over
--- !u!222 &915870953
CanvasRenderer:
  m_ObjectHideFlags: 0
  m_CorrespondingSourceObject: {fileID: 0}
  m_PrefabInstance: {fileID: 0}
  m_PrefabAsset: {fileID: 0}
  m_GameObject: {fileID: 915870950}
  m_CullTransparentMesh: 0
--- !u!1 &961545840
GameObject:
  m_ObjectHideFlags: 0
  m_CorrespondingSourceObject: {fileID: 0}
  m_PrefabInstance: {fileID: 0}
  m_PrefabAsset: {fileID: 0}
  serializedVersion: 6
  m_Component:
  - component: {fileID: 961545841}
  - component: {fileID: 961545843}
  - component: {fileID: 961545842}
  m_Layer: 5
  m_Name: Score
  m_TagString: Untagged
  m_Icon: {fileID: 0}
  m_NavMeshLayer: 0
  m_StaticEditorFlags: 0
  m_IsActive: 1
--- !u!224 &961545841
RectTransform:
  m_ObjectHideFlags: 0
  m_CorrespondingSourceObject: {fileID: 0}
  m_PrefabInstance: {fileID: 0}
  m_PrefabAsset: {fileID: 0}
  m_GameObject: {fileID: 961545840}
  m_LocalRotation: {x: 0, y: 0, z: 0, w: 1}
  m_LocalPosition: {x: 0, y: 0, z: 0}
  m_LocalScale: {x: 1, y: 1, z: 1}
  m_Children: []
  m_Father: {fileID: 1527588081}
  m_RootOrder: 6
  m_LocalEulerAnglesHint: {x: 0, y: 0, z: 0}
  m_AnchorMin: {x: 0, y: 0.8966875}
  m_AnchorMax: {x: 0.21100001, y: 1}
  m_AnchoredPosition: {x: 0.9000244, y: -0.5}
  m_SizeDelta: {x: -2.2000008, y: -1}
  m_Pivot: {x: 0.5, y: 0.5}
--- !u!114 &961545842
MonoBehaviour:
  m_ObjectHideFlags: 0
  m_CorrespondingSourceObject: {fileID: 0}
  m_PrefabInstance: {fileID: 0}
  m_PrefabAsset: {fileID: 0}
  m_GameObject: {fileID: 961545840}
  m_Enabled: 1
  m_EditorHideFlags: 0
  m_Script: {fileID: 708705254, guid: f70555f144d8491a825f0804e09c671c, type: 3}
  m_Name: 
  m_EditorClassIdentifier: 
  m_Material: {fileID: 0}
  m_Color: {r: 1, g: 1, b: 1, a: 1}
  m_RaycastTarget: 1
  m_OnCullStateChanged:
    m_PersistentCalls:
      m_Calls: []
    m_TypeName: UnityEngine.UI.MaskableGraphic+CullStateChangedEvent, UnityEngine.UI,
      Version=1.0.0.0, Culture=neutral, PublicKeyToken=null
  m_FontData:
    m_Font: {fileID: 10102, guid: 0000000000000000e000000000000000, type: 0}
    m_FontSize: 65
    m_FontStyle: 0
    m_BestFit: 0
    m_MinSize: 1
    m_MaxSize: 150
    m_Alignment: 4
    m_AlignByGeometry: 0
    m_RichText: 1
    m_HorizontalOverflow: 1
    m_VerticalOverflow: 1
    m_LineSpacing: 1
  m_Text: 0
--- !u!222 &961545843
CanvasRenderer:
  m_ObjectHideFlags: 0
  m_CorrespondingSourceObject: {fileID: 0}
  m_PrefabInstance: {fileID: 0}
  m_PrefabAsset: {fileID: 0}
  m_GameObject: {fileID: 961545840}
  m_CullTransparentMesh: 0
--- !u!1 &967449637
GameObject:
  m_ObjectHideFlags: 0
  m_CorrespondingSourceObject: {fileID: 0}
  m_PrefabInstance: {fileID: 0}
  m_PrefabAsset: {fileID: 0}
  serializedVersion: 6
  m_Component:
  - component: {fileID: 967449640}
  - component: {fileID: 967449639}
  - component: {fileID: 967449638}
  m_Layer: 5
  m_Name: Main_text
  m_TagString: Untagged
  m_Icon: {fileID: 0}
  m_NavMeshLayer: 0
  m_StaticEditorFlags: 0
  m_IsActive: 1
--- !u!114 &967449638
MonoBehaviour:
  m_ObjectHideFlags: 0
  m_CorrespondingSourceObject: {fileID: 0}
  m_PrefabInstance: {fileID: 0}
  m_PrefabAsset: {fileID: 0}
  m_GameObject: {fileID: 967449637}
  m_Enabled: 1
  m_EditorHideFlags: 0
  m_Script: {fileID: 708705254, guid: f70555f144d8491a825f0804e09c671c, type: 3}
  m_Name: 
  m_EditorClassIdentifier: 
  m_Material: {fileID: 0}
  m_Color: {r: 1, g: 0, b: 0, a: 1}
  m_RaycastTarget: 1
  m_OnCullStateChanged:
    m_PersistentCalls:
      m_Calls: []
    m_TypeName: UnityEngine.UI.MaskableGraphic+CullStateChangedEvent, UnityEngine.UI,
      Version=1.0.0.0, Culture=neutral, PublicKeyToken=null
  m_FontData:
    m_Font: {fileID: 10102, guid: 0000000000000000e000000000000000, type: 0}
    m_FontSize: 123
    m_FontStyle: 1
    m_BestFit: 1
    m_MinSize: 100
    m_MaxSize: 123
    m_Alignment: 4
    m_AlignByGeometry: 0
    m_RichText: 0
    m_HorizontalOverflow: 1
    m_VerticalOverflow: 1
    m_LineSpacing: 1
  m_Text: 
--- !u!222 &967449639
CanvasRenderer:
  m_ObjectHideFlags: 0
  m_CorrespondingSourceObject: {fileID: 0}
  m_PrefabInstance: {fileID: 0}
  m_PrefabAsset: {fileID: 0}
  m_GameObject: {fileID: 967449637}
  m_CullTransparentMesh: 0
--- !u!224 &967449640
RectTransform:
  m_ObjectHideFlags: 0
  m_CorrespondingSourceObject: {fileID: 0}
  m_PrefabInstance: {fileID: 0}
  m_PrefabAsset: {fileID: 0}
  m_GameObject: {fileID: 967449637}
  m_LocalRotation: {x: 0, y: 0, z: 0, w: 1}
  m_LocalPosition: {x: 0, y: 0, z: 0}
  m_LocalScale: {x: 1, y: 1, z: 1}
  m_Children: []
  m_Father: {fileID: 1527588081}
  m_RootOrder: 5
  m_LocalEulerAnglesHint: {x: 0, y: 0, z: 0}
  m_AnchorMin: {x: 0.039696425, y: 0.6207778}
  m_AnchorMax: {x: 0.95800006, y: 0.84253126}
  m_AnchoredPosition: {x: 0.5, y: 0.6000061}
  m_SizeDelta: {x: -0.5, y: -3.800003}
  m_Pivot: {x: 0.5, y: 0.5}
--- !u!1 &976516638 stripped
GameObject:
  m_CorrespondingSourceObject: {fileID: 4824965847778165841, guid: 07d12a327c4ace54a8725818bd1f513d,
    type: 3}
  m_PrefabInstance: {fileID: 514108739}
  m_PrefabAsset: {fileID: 0}
--- !u!224 &976516639 stripped
RectTransform:
  m_CorrespondingSourceObject: {fileID: 5422930127880662404, guid: 07d12a327c4ace54a8725818bd1f513d,
    type: 3}
  m_PrefabInstance: {fileID: 514108739}
  m_PrefabAsset: {fileID: 0}
--- !u!1 &1183640530
GameObject:
  m_ObjectHideFlags: 0
  m_CorrespondingSourceObject: {fileID: 0}
  m_PrefabInstance: {fileID: 0}
  m_PrefabAsset: {fileID: 0}
  serializedVersion: 6
  m_Component:
  - component: {fileID: 1183640531}
  - component: {fileID: 1183640533}
  - component: {fileID: 1183640532}
  - component: {fileID: 1183640534}
  m_Layer: 5
  m_Name: Replay button
  m_TagString: Untagged
  m_Icon: {fileID: 0}
  m_NavMeshLayer: 0
  m_StaticEditorFlags: 0
  m_IsActive: 1
--- !u!224 &1183640531
RectTransform:
  m_ObjectHideFlags: 0
  m_CorrespondingSourceObject: {fileID: 0}
  m_PrefabInstance: {fileID: 0}
  m_PrefabAsset: {fileID: 0}
  m_GameObject: {fileID: 1183640530}
  m_LocalRotation: {x: 0, y: 0, z: 0, w: 1}
  m_LocalPosition: {x: 0, y: 0, z: 0}
  m_LocalScale: {x: 1, y: 1, z: 1}
  m_Children: []
  m_Father: {fileID: 1916146647}
  m_RootOrder: 1
  m_LocalEulerAnglesHint: {x: 0, y: 0, z: 0}
  m_AnchorMin: {x: 0.32088888, y: 0.257}
  m_AnchorMax: {x: 0.68061113, y: 0.44587502}
  m_AnchoredPosition: {x: -0.5, y: 0}
  m_SizeDelta: {x: 0.7999878, y: 0.1000061}
  m_Pivot: {x: 0.5, y: 0.5}
--- !u!114 &1183640532
MonoBehaviour:
  m_ObjectHideFlags: 0
  m_CorrespondingSourceObject: {fileID: 0}
  m_PrefabInstance: {fileID: 0}
  m_PrefabAsset: {fileID: 0}
  m_GameObject: {fileID: 1183640530}
  m_Enabled: 1
  m_EditorHideFlags: 0
  m_Script: {fileID: -765806418, guid: f70555f144d8491a825f0804e09c671c, type: 3}
  m_Name: 
  m_EditorClassIdentifier: 
  m_Material: {fileID: 0}
  m_Color: {r: 1, g: 1, b: 1, a: 1}
  m_RaycastTarget: 1
  m_OnCullStateChanged:
    m_PersistentCalls:
      m_Calls: []
    m_TypeName: UnityEngine.UI.MaskableGraphic+CullStateChangedEvent, UnityEngine.UI,
      Version=1.0.0.0, Culture=neutral, PublicKeyToken=null
  m_Sprite: {fileID: 21300000, guid: a0e394fd7a5413047af0d6d5cd51bfd5, type: 3}
  m_Type: 0
  m_PreserveAspect: 0
  m_FillCenter: 1
  m_FillMethod: 4
  m_FillAmount: 1
  m_FillClockwise: 1
  m_FillOrigin: 0
  m_UseSpriteMesh: 0
--- !u!222 &1183640533
CanvasRenderer:
  m_ObjectHideFlags: 0
  m_CorrespondingSourceObject: {fileID: 0}
  m_PrefabInstance: {fileID: 0}
  m_PrefabAsset: {fileID: 0}
  m_GameObject: {fileID: 1183640530}
  m_CullTransparentMesh: 0
--- !u!114 &1183640534
MonoBehaviour:
  m_ObjectHideFlags: 0
  m_CorrespondingSourceObject: {fileID: 0}
  m_PrefabInstance: {fileID: 0}
  m_PrefabAsset: {fileID: 0}
  m_GameObject: {fileID: 1183640530}
  m_Enabled: 1
  m_EditorHideFlags: 0
  m_Script: {fileID: 1392445389, guid: f70555f144d8491a825f0804e09c671c, type: 3}
  m_Name: 
  m_EditorClassIdentifier: 
  m_Navigation:
    m_Mode: 3
    m_SelectOnUp: {fileID: 0}
    m_SelectOnDown: {fileID: 0}
    m_SelectOnLeft: {fileID: 0}
    m_SelectOnRight: {fileID: 0}
  m_Transition: 1
  m_Colors:
    m_NormalColor: {r: 1, g: 1, b: 1, a: 1}
    m_HighlightedColor: {r: 0.9607843, g: 0.9607843, b: 0.9607843, a: 1}
    m_PressedColor: {r: 0.78431374, g: 0.78431374, b: 0.78431374, a: 1}
    m_SelectedColor: {r: 0.9607843, g: 0.9607843, b: 0.9607843, a: 1}
    m_DisabledColor: {r: 0.78431374, g: 0.78431374, b: 0.78431374, a: 0.5019608}
    m_ColorMultiplier: 1
    m_FadeDuration: 0.1
  m_SpriteState:
    m_HighlightedSprite: {fileID: 0}
    m_PressedSprite: {fileID: 0}
    m_SelectedSprite: {fileID: 0}
    m_DisabledSprite: {fileID: 0}
  m_AnimationTriggers:
    m_NormalTrigger: Normal
    m_HighlightedTrigger: Highlighted
    m_PressedTrigger: Pressed
    m_SelectedTrigger: Selected
    m_DisabledTrigger: Disabled
  m_Interactable: 1
  m_TargetGraphic: {fileID: 1183640532}
  m_OnClick:
    m_PersistentCalls:
      m_Calls:
      - m_Target: {fileID: 1317253991}
        m_MethodName: Restart
        m_Mode: 1
        m_Arguments:
          m_ObjectArgument: {fileID: 0}
          m_ObjectArgumentAssemblyTypeName: UnityEngine.Object, UnityEngine
          m_IntArgument: 0
          m_FloatArgument: 0
          m_StringArgument: 
          m_BoolArgument: 0
        m_CallState: 2
    m_TypeName: UnityEngine.UI.Button+ButtonClickedEvent, UnityEngine.UI, Version=1.0.0.0,
      Culture=neutral, PublicKeyToken=null
--- !u!1 &1307066460
GameObject:
  m_ObjectHideFlags: 0
  m_CorrespondingSourceObject: {fileID: 0}
  m_PrefabInstance: {fileID: 0}
  m_PrefabAsset: {fileID: 0}
  serializedVersion: 6
  m_Component:
  - component: {fileID: 1307066461}
  - component: {fileID: 1307066463}
  - component: {fileID: 1307066462}
  m_Layer: 5
  m_Name: Background
  m_TagString: Untagged
  m_Icon: {fileID: 0}
  m_NavMeshLayer: 0
  m_StaticEditorFlags: 0
  m_IsActive: 1
--- !u!224 &1307066461
RectTransform:
  m_ObjectHideFlags: 0
  m_CorrespondingSourceObject: {fileID: 0}
  m_PrefabInstance: {fileID: 0}
  m_PrefabAsset: {fileID: 0}
  m_GameObject: {fileID: 1307066460}
  m_LocalRotation: {x: 0, y: 0, z: 0, w: 1}
  m_LocalPosition: {x: 0, y: 0, z: 0}
  m_LocalScale: {x: 1, y: 1, z: 1}
  m_Children: []
  m_Father: {fileID: 1527588081}
  m_RootOrder: 0
  m_LocalEulerAnglesHint: {x: 0, y: 0, z: 0}
  m_AnchorMin: {x: 0, y: 0}
  m_AnchorMax: {x: 1, y: 1}
  m_AnchoredPosition: {x: 0, y: 0}
  m_SizeDelta: {x: 0, y: 0}
  m_Pivot: {x: 0.5, y: 0.5}
--- !u!114 &1307066462
MonoBehaviour:
  m_ObjectHideFlags: 0
  m_CorrespondingSourceObject: {fileID: 0}
  m_PrefabInstance: {fileID: 0}
  m_PrefabAsset: {fileID: 0}
  m_GameObject: {fileID: 1307066460}
  m_Enabled: 1
  m_EditorHideFlags: 0
  m_Script: {fileID: -765806418, guid: f70555f144d8491a825f0804e09c671c, type: 3}
  m_Name: 
  m_EditorClassIdentifier: 
  m_Material: {fileID: 0}
  m_Color: {r: 1, g: 1, b: 1, a: 1}
  m_RaycastTarget: 1
  m_OnCullStateChanged:
    m_PersistentCalls:
      m_Calls: []
    m_TypeName: UnityEngine.UI.MaskableGraphic+CullStateChangedEvent, UnityEngine.UI,
      Version=1.0.0.0, Culture=neutral, PublicKeyToken=null
  m_Sprite: {fileID: 21300000, guid: 6101be0ca8d0e8d4cba0a7e719bdca21, type: 3}
  m_Type: 0
  m_PreserveAspect: 0
  m_FillCenter: 1
  m_FillMethod: 4
  m_FillAmount: 1
  m_FillClockwise: 1
  m_FillOrigin: 0
  m_UseSpriteMesh: 0
--- !u!222 &1307066463
CanvasRenderer:
  m_ObjectHideFlags: 0
  m_CorrespondingSourceObject: {fileID: 0}
  m_PrefabInstance: {fileID: 0}
  m_PrefabAsset: {fileID: 0}
  m_GameObject: {fileID: 1307066460}
  m_CullTransparentMesh: 0
--- !u!1 &1317253990
GameObject:
  m_ObjectHideFlags: 0
  m_CorrespondingSourceObject: {fileID: 0}
  m_PrefabInstance: {fileID: 0}
  m_PrefabAsset: {fileID: 0}
  serializedVersion: 6
  m_Component:
  - component: {fileID: 1317253992}
  - component: {fileID: 1317253991}
  m_Layer: 0
  m_Name: Menu Script
  m_TagString: Untagged
  m_Icon: {fileID: 0}
  m_NavMeshLayer: 0
  m_StaticEditorFlags: 0
  m_IsActive: 1
--- !u!114 &1317253991
MonoBehaviour:
  m_ObjectHideFlags: 0
  m_CorrespondingSourceObject: {fileID: 0}
  m_PrefabInstance: {fileID: 0}
  m_PrefabAsset: {fileID: 0}
  m_GameObject: {fileID: 1317253990}
  m_Enabled: 1
  m_EditorHideFlags: 0
  m_Script: {fileID: 11500000, guid: a6521f2d4e9d6f84ab1faf5180fc01f4, type: 3}
  m_Name: 
  m_EditorClassIdentifier: 
  start_menu: {fileID: 2093970669}
  game_over_menu: {fileID: 1916146646}
  game_over_score: {fileID: 2135604474}
  best_score_text: {fileID: 893962314}
  switcher: {fileID: 2062327056}
  score: 0
  best_score: 1
  timer_image: {fileID: 1738005146}
  timer: 7
--- !u!4 &1317253992
Transform:
  m_ObjectHideFlags: 0
  m_CorrespondingSourceObject: {fileID: 0}
  m_PrefabInstance: {fileID: 0}
  m_PrefabAsset: {fileID: 0}
  m_GameObject: {fileID: 1317253990}
  m_LocalRotation: {x: 0, y: 0, z: 0, w: 1}
  m_LocalPosition: {x: 1.3838463, y: -0.16090298, z: 158.41992}
  m_LocalScale: {x: 1, y: 1, z: 1}
  m_Children: []
  m_Father: {fileID: 0}
  m_RootOrder: 3
  m_LocalEulerAnglesHint: {x: 0, y: 0, z: 0}
--- !u!1 &1527588077
GameObject:
  m_ObjectHideFlags: 0
  m_CorrespondingSourceObject: {fileID: 0}
  m_PrefabInstance: {fileID: 0}
  m_PrefabAsset: {fileID: 0}
  serializedVersion: 6
  m_Component:
  - component: {fileID: 1527588081}
  - component: {fileID: 1527588080}
  - component: {fileID: 1527588079}
  - component: {fileID: 1527588078}
  m_Layer: 5
  m_Name: Canvas
  m_TagString: Untagged
  m_Icon: {fileID: 0}
  m_NavMeshLayer: 0
  m_StaticEditorFlags: 0
  m_IsActive: 1
--- !u!114 &1527588078
MonoBehaviour:
  m_ObjectHideFlags: 0
  m_CorrespondingSourceObject: {fileID: 0}
  m_PrefabInstance: {fileID: 0}
  m_PrefabAsset: {fileID: 0}
  m_GameObject: {fileID: 1527588077}
  m_Enabled: 1
  m_EditorHideFlags: 0
  m_Script: {fileID: 1301386320, guid: f70555f144d8491a825f0804e09c671c, type: 3}
  m_Name: 
  m_EditorClassIdentifier: 
  m_IgnoreReversedGraphics: 1
  m_BlockingObjects: 0
  m_BlockingMask:
    serializedVersion: 2
    m_Bits: 4294967295
--- !u!114 &1527588079
MonoBehaviour:
  m_ObjectHideFlags: 0
  m_CorrespondingSourceObject: {fileID: 0}
  m_PrefabInstance: {fileID: 0}
  m_PrefabAsset: {fileID: 0}
  m_GameObject: {fileID: 1527588077}
  m_Enabled: 1
  m_EditorHideFlags: 0
  m_Script: {fileID: 1980459831, guid: f70555f144d8491a825f0804e09c671c, type: 3}
  m_Name: 
  m_EditorClassIdentifier: 
  m_UiScaleMode: 0
  m_ReferencePixelsPerUnit: 100
  m_ScaleFactor: 1
  m_ReferenceResolution: {x: 800, y: 600}
  m_ScreenMatchMode: 0
  m_MatchWidthOrHeight: 0
  m_PhysicalUnit: 3
  m_FallbackScreenDPI: 96
  m_DefaultSpriteDPI: 96
  m_DynamicPixelsPerUnit: 1
--- !u!223 &1527588080
Canvas:
  m_ObjectHideFlags: 0
  m_CorrespondingSourceObject: {fileID: 0}
  m_PrefabInstance: {fileID: 0}
  m_PrefabAsset: {fileID: 0}
  m_GameObject: {fileID: 1527588077}
  m_Enabled: 1
  serializedVersion: 3
  m_RenderMode: 1
  m_Camera: {fileID: 519420031}
  m_PlaneDistance: 100
  m_PixelPerfect: 0
  m_ReceivesEvents: 1
  m_OverrideSorting: 0
  m_OverridePixelPerfect: 0
  m_SortingBucketNormalizedSize: 0
  m_AdditionalShaderChannelsFlag: 0
  m_SortingLayerID: 0
  m_SortingOrder: 0
  m_TargetDisplay: 0
--- !u!224 &1527588081
RectTransform:
  m_ObjectHideFlags: 0
  m_CorrespondingSourceObject: {fileID: 0}
  m_PrefabInstance: {fileID: 0}
  m_PrefabAsset: {fileID: 0}
  m_GameObject: {fileID: 1527588077}
  m_LocalRotation: {x: 0, y: 0, z: 0, w: 1}
  m_LocalPosition: {x: 0, y: 0, z: 0}
  m_LocalScale: {x: 0, y: 0, z: 0}
  m_Children:
  - {fileID: 1307066461}
  - {fileID: 5422930127880662404}
  - {fileID: 717642909}
  - {fileID: 976516639}
  - {fileID: 1937657517}
  - {fileID: 967449640}
  - {fileID: 961545841}
  - {fileID: 1738005145}
  - {fileID: 2093970670}
  - {fileID: 1916146647}
  m_Father: {fileID: 0}
  m_RootOrder: 1
  m_LocalEulerAnglesHint: {x: 0, y: 0, z: 0}
  m_AnchorMin: {x: 0, y: 0}
  m_AnchorMax: {x: 0, y: 0}
  m_AnchoredPosition: {x: 0, y: 0}
  m_SizeDelta: {x: 0, y: 0}
  m_Pivot: {x: 0, y: 0}
--- !u!1 &1677116170
GameObject:
  m_ObjectHideFlags: 0
  m_CorrespondingSourceObject: {fileID: 0}
  m_PrefabInstance: {fileID: 0}
  m_PrefabAsset: {fileID: 0}
  serializedVersion: 6
  m_Component:
  - component: {fileID: 1677116173}
  - component: {fileID: 1677116172}
  - component: {fileID: 1677116171}
  m_Layer: 0
  m_Name: EventSystem
  m_TagString: Untagged
  m_Icon: {fileID: 0}
  m_NavMeshLayer: 0
  m_StaticEditorFlags: 0
  m_IsActive: 1
--- !u!114 &1677116171
MonoBehaviour:
  m_ObjectHideFlags: 0
  m_CorrespondingSourceObject: {fileID: 0}
  m_PrefabInstance: {fileID: 0}
  m_PrefabAsset: {fileID: 0}
  m_GameObject: {fileID: 1677116170}
  m_Enabled: 1
  m_EditorHideFlags: 0
  m_Script: {fileID: 1077351063, guid: f70555f144d8491a825f0804e09c671c, type: 3}
  m_Name: 
  m_EditorClassIdentifier: 
  m_HorizontalAxis: Horizontal
  m_VerticalAxis: Vertical
  m_SubmitButton: Submit
  m_CancelButton: Cancel
  m_InputActionsPerSecond: 10
  m_RepeatDelay: 0.5
  m_ForceModuleActive: 0
--- !u!114 &1677116172
MonoBehaviour:
  m_ObjectHideFlags: 0
  m_CorrespondingSourceObject: {fileID: 0}
  m_PrefabInstance: {fileID: 0}
  m_PrefabAsset: {fileID: 0}
  m_GameObject: {fileID: 1677116170}
  m_Enabled: 1
  m_EditorHideFlags: 0
  m_Script: {fileID: -619905303, guid: f70555f144d8491a825f0804e09c671c, type: 3}
  m_Name: 
  m_EditorClassIdentifier: 
  m_FirstSelected: {fileID: 0}
  m_sendNavigationEvents: 1
  m_DragThreshold: 10
--- !u!4 &1677116173
Transform:
  m_ObjectHideFlags: 0
  m_CorrespondingSourceObject: {fileID: 0}
  m_PrefabInstance: {fileID: 0}
  m_PrefabAsset: {fileID: 0}
  m_GameObject: {fileID: 1677116170}
  m_LocalRotation: {x: 0, y: 0, z: 0, w: 1}
  m_LocalPosition: {x: 0, y: 0, z: 0}
  m_LocalScale: {x: 1, y: 1, z: 1}
  m_Children: []
  m_Father: {fileID: 0}
  m_RootOrder: 2
  m_LocalEulerAnglesHint: {x: 0, y: 0, z: 0}
--- !u!1 &1738005144
GameObject:
  m_ObjectHideFlags: 0
  m_CorrespondingSourceObject: {fileID: 0}
  m_PrefabInstance: {fileID: 0}
  m_PrefabAsset: {fileID: 0}
  serializedVersion: 6
  m_Component:
  - component: {fileID: 1738005145}
  - component: {fileID: 1738005147}
  - component: {fileID: 1738005146}
  m_Layer: 5
  m_Name: Timer
  m_TagString: Untagged
  m_Icon: {fileID: 0}
  m_NavMeshLayer: 0
  m_StaticEditorFlags: 0
  m_IsActive: 1
--- !u!224 &1738005145
RectTransform:
  m_ObjectHideFlags: 0
  m_CorrespondingSourceObject: {fileID: 0}
  m_PrefabInstance: {fileID: 0}
  m_PrefabAsset: {fileID: 0}
  m_GameObject: {fileID: 1738005144}
  m_LocalRotation: {x: 0, y: 0, z: 0, w: 1}
  m_LocalPosition: {x: 0, y: 0, z: 0}
  m_LocalScale: {x: 1, y: 1, z: 1}
  m_Children: []
  m_Father: {fileID: 1527588081}
  m_RootOrder: 7
  m_LocalEulerAnglesHint: {x: 0, y: 0, z: 0}
  m_AnchorMin: {x: 0.40800002, y: 0.51015615}
  m_AnchorMax: {x: 0.5905456, y: 0.61181253}
  m_AnchoredPosition: {x: 0.5, y: 0}
  m_SizeDelta: {x: -3.300003, y: -2.300003}
  m_Pivot: {x: 0.5, y: 0.5}
--- !u!114 &1738005146
MonoBehaviour:
  m_ObjectHideFlags: 0
  m_CorrespondingSourceObject: {fileID: 0}
  m_PrefabInstance: {fileID: 0}
  m_PrefabAsset: {fileID: 0}
  m_GameObject: {fileID: 1738005144}
  m_Enabled: 1
  m_EditorHideFlags: 0
  m_Script: {fileID: -765806418, guid: f70555f144d8491a825f0804e09c671c, type: 3}
  m_Name: 
  m_EditorClassIdentifier: 
  m_Material: {fileID: 0}
  m_Color: {r: 1, g: 1, b: 1, a: 1}
  m_RaycastTarget: 1
  m_OnCullStateChanged:
    m_PersistentCalls:
      m_Calls: []
    m_TypeName: UnityEngine.UI.MaskableGraphic+CullStateChangedEvent, UnityEngine.UI,
      Version=1.0.0.0, Culture=neutral, PublicKeyToken=null
  m_Sprite: {fileID: 21300000, guid: 3338a2db01aa2c8498663b1d6921ecba, type: 3}
  m_Type: 3
  m_PreserveAspect: 0
  m_FillCenter: 1
  m_FillMethod: 4
  m_FillAmount: 1
  m_FillClockwise: 0
  m_FillOrigin: 2
  m_UseSpriteMesh: 0
--- !u!222 &1738005147
CanvasRenderer:
  m_ObjectHideFlags: 0
  m_CorrespondingSourceObject: {fileID: 0}
  m_PrefabInstance: {fileID: 0}
  m_PrefabAsset: {fileID: 0}
  m_GameObject: {fileID: 1738005144}
  m_CullTransparentMesh: 0
--- !u!1 &1916146646
GameObject:
  m_ObjectHideFlags: 0
  m_CorrespondingSourceObject: {fileID: 0}
  m_PrefabInstance: {fileID: 0}
  m_PrefabAsset: {fileID: 0}
  serializedVersion: 6
  m_Component:
  - component: {fileID: 1916146647}
  - component: {fileID: 1916146649}
  - component: {fileID: 1916146648}
  m_Layer: 5
  m_Name: Lose Panel
  m_TagString: Untagged
  m_Icon: {fileID: 0}
  m_NavMeshLayer: 0
  m_StaticEditorFlags: 0
  m_IsActive: 0
--- !u!224 &1916146647
RectTransform:
  m_ObjectHideFlags: 0
  m_CorrespondingSourceObject: {fileID: 0}
  m_PrefabInstance: {fileID: 0}
  m_PrefabAsset: {fileID: 0}
  m_GameObject: {fileID: 1916146646}
  m_LocalRotation: {x: 0, y: 0, z: 0, w: 1}
  m_LocalPosition: {x: 0, y: 0, z: 0}
  m_LocalScale: {x: 1, y: 1, z: 1}
  m_Children:
  - {fileID: 915870951}
  - {fileID: 1183640531}
  - {fileID: 679158760}
  - {fileID: 2135604473}
  - {fileID: 379141995}
  - {fileID: 893962313}
  m_Father: {fileID: 1527588081}
  m_RootOrder: 9
  m_LocalEulerAnglesHint: {x: 0, y: 0, z: 0}
  m_AnchorMin: {x: 0, y: 0}
  m_AnchorMax: {x: 1, y: 1}
  m_AnchoredPosition: {x: 0, y: 0}
  m_SizeDelta: {x: 0, y: 0}
  m_Pivot: {x: 0.5, y: 0.5}
--- !u!114 &1916146648
MonoBehaviour:
  m_ObjectHideFlags: 0
  m_CorrespondingSourceObject: {fileID: 0}
  m_PrefabInstance: {fileID: 0}
  m_PrefabAsset: {fileID: 0}
  m_GameObject: {fileID: 1916146646}
  m_Enabled: 1
  m_EditorHideFlags: 0
  m_Script: {fileID: -765806418, guid: f70555f144d8491a825f0804e09c671c, type: 3}
  m_Name: 
  m_EditorClassIdentifier: 
  m_Material: {fileID: 0}
  m_Color: {r: 1, g: 1, b: 1, a: 1}
  m_RaycastTarget: 1
  m_OnCullStateChanged:
    m_PersistentCalls:
      m_Calls: []
    m_TypeName: UnityEngine.UI.MaskableGraphic+CullStateChangedEvent, UnityEngine.UI,
      Version=1.0.0.0, Culture=neutral, PublicKeyToken=null
  m_Sprite: {fileID: 21300000, guid: 6101be0ca8d0e8d4cba0a7e719bdca21, type: 3}
  m_Type: 0
  m_PreserveAspect: 0
  m_FillCenter: 1
  m_FillMethod: 4
  m_FillAmount: 1
  m_FillClockwise: 1
  m_FillOrigin: 0
  m_UseSpriteMesh: 0
--- !u!222 &1916146649
CanvasRenderer:
  m_ObjectHideFlags: 0
  m_CorrespondingSourceObject: {fileID: 0}
  m_PrefabInstance: {fileID: 0}
  m_PrefabAsset: {fileID: 0}
  m_GameObject: {fileID: 1916146646}
  m_CullTransparentMesh: 0
--- !u!1 &1937657516 stripped
GameObject:
  m_CorrespondingSourceObject: {fileID: 4824965847778165841, guid: 07d12a327c4ace54a8725818bd1f513d,
    type: 3}
  m_PrefabInstance: {fileID: 2082039345}
  m_PrefabAsset: {fileID: 0}
--- !u!224 &1937657517 stripped
RectTransform:
  m_CorrespondingSourceObject: {fileID: 5422930127880662404, guid: 07d12a327c4ace54a8725818bd1f513d,
    type: 3}
  m_PrefabInstance: {fileID: 2082039345}
  m_PrefabAsset: {fileID: 0}
--- !u!1 &1957072595
GameObject:
  m_ObjectHideFlags: 0
  m_CorrespondingSourceObject: {fileID: 0}
  m_PrefabInstance: {fileID: 0}
  m_PrefabAsset: {fileID: 0}
  serializedVersion: 6
  m_Component:
  - component: {fileID: 1957072596}
  - component: {fileID: 1957072598}
  - component: {fileID: 1957072597}
  m_Layer: 5
  m_Name: Title
  m_TagString: Untagged
  m_Icon: {fileID: 0}
  m_NavMeshLayer: 0
  m_StaticEditorFlags: 0
  m_IsActive: 1
--- !u!224 &1957072596
RectTransform:
  m_ObjectHideFlags: 0
  m_CorrespondingSourceObject: {fileID: 0}
  m_PrefabInstance: {fileID: 0}
  m_PrefabAsset: {fileID: 0}
  m_GameObject: {fileID: 1957072595}
  m_LocalRotation: {x: -0, y: -0, z: 0.11917232, w: 0.9928736}
  m_LocalPosition: {x: 0, y: 0, z: 0}
  m_LocalScale: {x: 1, y: 1, z: 1}
  m_Children: []
  m_Father: {fileID: 2093970670}
  m_RootOrder: 0
  m_LocalEulerAnglesHint: {x: 0, y: 0, z: 13.689001}
  m_AnchorMin: {x: 0.059833337, y: 0.7008126}
  m_AnchorMax: {x: 0.87200004, y: 0.91559374}
  m_AnchoredPosition: {x: -0.2000122, y: -0.8999939}
  m_SizeDelta: {x: -8.400024, y: 5.5}
  m_Pivot: {x: 0.5, y: 0.5}
--- !u!114 &1957072597
MonoBehaviour:
  m_ObjectHideFlags: 0
  m_CorrespondingSourceObject: {fileID: 0}
  m_PrefabInstance: {fileID: 0}
  m_PrefabAsset: {fileID: 0}
  m_GameObject: {fileID: 1957072595}
  m_Enabled: 1
  m_EditorHideFlags: 0
  m_Script: {fileID: 708705254, guid: f70555f144d8491a825f0804e09c671c, type: 3}
  m_Name: 
  m_EditorClassIdentifier: 
  m_Material: {fileID: 0}
  m_Color: {r: 1, g: 1, b: 1, a: 1}
  m_RaycastTarget: 1
  m_OnCullStateChanged:
    m_PersistentCalls:
      m_Calls: []
    m_TypeName: UnityEngine.UI.MaskableGraphic+CullStateChangedEvent, UnityEngine.UI,
      Version=1.0.0.0, Culture=neutral, PublicKeyToken=null
  m_FontData:
    m_Font: {fileID: 10102, guid: 0000000000000000e000000000000000, type: 0}
    m_FontSize: 120
    m_FontStyle: 0
    m_BestFit: 0
    m_MinSize: 0
    m_MaxSize: 120
    m_Alignment: 4
    m_AlignByGeometry: 0
    m_RichText: 1
    m_HorizontalOverflow: 1
    m_VerticalOverflow: 1
    m_LineSpacing: 1
  m_Text: Colors
--- !u!222 &1957072598
CanvasRenderer:
  m_ObjectHideFlags: 0
  m_CorrespondingSourceObject: {fileID: 0}
  m_PrefabInstance: {fileID: 0}
  m_PrefabAsset: {fileID: 0}
  m_GameObject: {fileID: 1957072595}
  m_CullTransparentMesh: 0
--- !u!1 &2062327056
GameObject:
  m_ObjectHideFlags: 0
  m_CorrespondingSourceObject: {fileID: 0}
  m_PrefabInstance: {fileID: 0}
  m_PrefabAsset: {fileID: 0}
  serializedVersion: 6
  m_Component:
  - component: {fileID: 2062327057}
  - component: {fileID: 2062327058}
  m_Layer: 5
  m_Name: Switcher
  m_TagString: Untagged
  m_Icon: {fileID: 0}
  m_NavMeshLayer: 0
  m_StaticEditorFlags: 0
  m_IsActive: 1
--- !u!224 &2062327057
RectTransform:
  m_ObjectHideFlags: 0
  m_CorrespondingSourceObject: {fileID: 0}
  m_PrefabInstance: {fileID: 0}
  m_PrefabAsset: {fileID: 0}
  m_GameObject: {fileID: 2062327056}
  m_LocalRotation: {x: -0, y: -0, z: -0, w: 1}
  m_LocalPosition: {x: 0, y: 0, z: 90}
  m_LocalScale: {x: 0.0078125, y: 0.0078125, z: 0.0078125}
  m_Children: []
  m_Father: {fileID: 0}
  m_RootOrder: 4
  m_LocalEulerAnglesHint: {x: 0, y: 0, z: 0}
  m_AnchorMin: {x: 0.5, y: 0.5}
  m_AnchorMax: {x: 0.5, y: 0.5}
  m_AnchoredPosition: {x: 0, y: 0}
  m_SizeDelta: {x: 100, y: 100}
  m_Pivot: {x: 0.5, y: 0.5}
--- !u!114 &2062327058
MonoBehaviour:
  m_ObjectHideFlags: 0
  m_CorrespondingSourceObject: {fileID: 0}
  m_PrefabInstance: {fileID: 0}
  m_PrefabAsset: {fileID: 0}
  m_GameObject: {fileID: 2062327056}
  m_Enabled: 1
  m_EditorHideFlags: 0
  m_Script: {fileID: 11500000, guid: a67baa26bd632df439b17da63899788d, type: 3}
  m_Name: 
  m_EditorClassIdentifier: 
  main_textbox: {fileID: 967449638}
  buttons:
  - {fileID: 4824965847778165841}
  - {fileID: 717642908}
  - {fileID: 976516638}
  - {fileID: 1937657516}
  correct_button: 0
  score: 0
--- !u!1001 &2082039345
PrefabInstance:
  m_ObjectHideFlags: 0
  serializedVersion: 2
  m_Modification:
    m_TransformParent: {fileID: 1527588081}
    m_Modifications:
    - target: {fileID: 4824965847778165841, guid: 07d12a327c4ace54a8725818bd1f513d,
        type: 3}
      propertyPath: m_Name
      value: Button 3
      objectReference: {fileID: 0}
    - target: {fileID: 4824965847778165841, guid: 07d12a327c4ace54a8725818bd1f513d,
        type: 3}
      propertyPath: m_IsActive
      value: 1
      objectReference: {fileID: 0}
    - target: {fileID: 5422930127880662404, guid: 07d12a327c4ace54a8725818bd1f513d,
        type: 3}
      propertyPath: m_LocalPosition.x
      value: 0
      objectReference: {fileID: 0}
    - target: {fileID: 5422930127880662404, guid: 07d12a327c4ace54a8725818bd1f513d,
        type: 3}
      propertyPath: m_LocalPosition.y
      value: 0
      objectReference: {fileID: 0}
    - target: {fileID: 5422930127880662404, guid: 07d12a327c4ace54a8725818bd1f513d,
        type: 3}
      propertyPath: m_LocalPosition.z
      value: 0
      objectReference: {fileID: 0}
    - target: {fileID: 5422930127880662404, guid: 07d12a327c4ace54a8725818bd1f513d,
        type: 3}
      propertyPath: m_LocalRotation.x
      value: 0
      objectReference: {fileID: 0}
    - target: {fileID: 5422930127880662404, guid: 07d12a327c4ace54a8725818bd1f513d,
        type: 3}
      propertyPath: m_LocalRotation.y
      value: 0
      objectReference: {fileID: 0}
    - target: {fileID: 5422930127880662404, guid: 07d12a327c4ace54a8725818bd1f513d,
        type: 3}
      propertyPath: m_LocalRotation.z
      value: 0
      objectReference: {fileID: 0}
    - target: {fileID: 5422930127880662404, guid: 07d12a327c4ace54a8725818bd1f513d,
        type: 3}
      propertyPath: m_LocalRotation.w
      value: 1
      objectReference: {fileID: 0}
    - target: {fileID: 5422930127880662404, guid: 07d12a327c4ace54a8725818bd1f513d,
        type: 3}
      propertyPath: m_RootOrder
      value: 4
      objectReference: {fileID: 0}
    - target: {fileID: 5422930127880662404, guid: 07d12a327c4ace54a8725818bd1f513d,
        type: 3}
      propertyPath: m_LocalEulerAnglesHint.x
      value: 0
      objectReference: {fileID: 0}
    - target: {fileID: 5422930127880662404, guid: 07d12a327c4ace54a8725818bd1f513d,
        type: 3}
      propertyPath: m_LocalEulerAnglesHint.y
      value: 0
      objectReference: {fileID: 0}
    - target: {fileID: 5422930127880662404, guid: 07d12a327c4ace54a8725818bd1f513d,
        type: 3}
      propertyPath: m_LocalEulerAnglesHint.z
      value: 0
      objectReference: {fileID: 0}
    - target: {fileID: 5422930127880662404, guid: 07d12a327c4ace54a8725818bd1f513d,
        type: 3}
      propertyPath: m_AnchoredPosition.x
      value: 0
      objectReference: {fileID: 0}
    - target: {fileID: 5422930127880662404, guid: 07d12a327c4ace54a8725818bd1f513d,
        type: 3}
      propertyPath: m_AnchoredPosition.y
      value: 0
      objectReference: {fileID: 0}
    - target: {fileID: 5422930127880662404, guid: 07d12a327c4ace54a8725818bd1f513d,
        type: 3}
      propertyPath: m_SizeDelta.x
      value: -0.8999939
      objectReference: {fileID: 0}
    - target: {fileID: 5422930127880662404, guid: 07d12a327c4ace54a8725818bd1f513d,
        type: 3}
      propertyPath: m_SizeDelta.y
      value: 1
      objectReference: {fileID: 0}
    - target: {fileID: 5422930127880662404, guid: 07d12a327c4ace54a8725818bd1f513d,
        type: 3}
      propertyPath: m_AnchorMin.x
      value: 0.5377679
      objectReference: {fileID: 0}
    - target: {fileID: 5422930127880662404, guid: 07d12a327c4ace54a8725818bd1f513d,
        type: 3}
      propertyPath: m_AnchorMin.y
      value: 0.06116667
      objectReference: {fileID: 0}
    - target: {fileID: 5422930127880662404, guid: 07d12a327c4ace54a8725818bd1f513d,
        type: 3}
      propertyPath: m_AnchorMax.x
      value: 0.95800006
      objectReference: {fileID: 0}
    - target: {fileID: 5422930127880662404, guid: 07d12a327c4ace54a8725818bd1f513d,
        type: 3}
      propertyPath: m_AnchorMax.y
      value: 0.2556667
      objectReference: {fileID: 0}
    - target: {fileID: 5422930127880662404, guid: 07d12a327c4ace54a8725818bd1f513d,
        type: 3}
      propertyPath: m_Pivot.x
      value: 0.5
      objectReference: {fileID: 0}
    - target: {fileID: 5422930127880662404, guid: 07d12a327c4ace54a8725818bd1f513d,
        type: 3}
      propertyPath: m_Pivot.y
      value: 0.5
      objectReference: {fileID: 0}
    - target: {fileID: 5835963858295367212, guid: 07d12a327c4ace54a8725818bd1f513d,
        type: 3}
      propertyPath: button_number
      value: 3
      objectReference: {fileID: 0}
    - target: {fileID: 5835963858295367212, guid: 07d12a327c4ace54a8725818bd1f513d,
        type: 3}
      propertyPath: switcher
      value: 
      objectReference: {fileID: 2062327056}
    - target: {fileID: 5835963858295367212, guid: 07d12a327c4ace54a8725818bd1f513d,
        type: 3}
      propertyPath: score_text
      value: 
      objectReference: {fileID: 961545842}
    - target: {fileID: 5835963858295367212, guid: 07d12a327c4ace54a8725818bd1f513d,
        type: 3}
      propertyPath: game_over_menu
      value: 
      objectReference: {fileID: 1916146646}
    - target: {fileID: 5835963858295367212, guid: 07d12a327c4ace54a8725818bd1f513d,
        type: 3}
      propertyPath: game_over_score
      value: 
      objectReference: {fileID: 2135604474}
    - target: {fileID: 5835963858295367212, guid: 07d12a327c4ace54a8725818bd1f513d,
        type: 3}
      propertyPath: record
      value: 
      objectReference: {fileID: 0}
    - target: {fileID: 5835963858295367212, guid: 07d12a327c4ace54a8725818bd1f513d,
        type: 3}
      propertyPath: timer_image
      value: 
      objectReference: {fileID: 1738005146}
    - target: {fileID: 5835963858295367212, guid: 07d12a327c4ace54a8725818bd1f513d,
        type: 3}
      propertyPath: timer
      value: 
      objectReference: {fileID: 1738005146}
    - target: {fileID: 5835963858295367212, guid: 07d12a327c4ace54a8725818bd1f513d,
        type: 3}
      propertyPath: menu
      value: 
      objectReference: {fileID: 1317253990}
    m_RemovedComponents: []
  m_SourcePrefab: {fileID: 100100000, guid: 07d12a327c4ace54a8725818bd1f513d, type: 3}
--- !u!1 &2093970669
GameObject:
  m_ObjectHideFlags: 0
  m_CorrespondingSourceObject: {fileID: 0}
  m_PrefabInstance: {fileID: 0}
  m_PrefabAsset: {fileID: 0}
  serializedVersion: 6
  m_Component:
  - component: {fileID: 2093970670}
  - component: {fileID: 2093970672}
  - component: {fileID: 2093970671}
  m_Layer: 5
  m_Name: Main menu
  m_TagString: Untagged
  m_Icon: {fileID: 0}
  m_NavMeshLayer: 0
  m_StaticEditorFlags: 0
  m_IsActive: 1
--- !u!224 &2093970670
RectTransform:
  m_ObjectHideFlags: 0
  m_CorrespondingSourceObject: {fileID: 0}
  m_PrefabInstance: {fileID: 0}
  m_PrefabAsset: {fileID: 0}
  m_GameObject: {fileID: 2093970669}
  m_LocalRotation: {x: 0, y: 0, z: 0, w: 1}
  m_LocalPosition: {x: 0, y: 0, z: 0}
  m_LocalScale: {x: 1, y: 1, z: 1}
  m_Children:
  - {fileID: 1957072596}
  - {fileID: 579752096}
  m_Father: {fileID: 1527588081}
  m_RootOrder: 8
  m_LocalEulerAnglesHint: {x: 0, y: 0, z: 0}
  m_AnchorMin: {x: 0, y: 0}
  m_AnchorMax: {x: 1, y: 1}
  m_AnchoredPosition: {x: 0, y: 0}
  m_SizeDelta: {x: 0, y: 0}
  m_Pivot: {x: 0.5, y: 0.5}
--- !u!114 &2093970671
MonoBehaviour:
  m_ObjectHideFlags: 0
  m_CorrespondingSourceObject: {fileID: 0}
  m_PrefabInstance: {fileID: 0}
  m_PrefabAsset: {fileID: 0}
  m_GameObject: {fileID: 2093970669}
  m_Enabled: 1
  m_EditorHideFlags: 0
  m_Script: {fileID: -765806418, guid: f70555f144d8491a825f0804e09c671c, type: 3}
  m_Name: 
  m_EditorClassIdentifier: 
  m_Material: {fileID: 0}
  m_Color: {r: 1, g: 1, b: 1, a: 1}
  m_RaycastTarget: 1
  m_OnCullStateChanged:
    m_PersistentCalls:
      m_Calls: []
    m_TypeName: UnityEngine.UI.MaskableGraphic+CullStateChangedEvent, UnityEngine.UI,
      Version=1.0.0.0, Culture=neutral, PublicKeyToken=null
  m_Sprite: {fileID: 21300000, guid: 6101be0ca8d0e8d4cba0a7e719bdca21, type: 3}
  m_Type: 0
  m_PreserveAspect: 0
  m_FillCenter: 1
  m_FillMethod: 4
  m_FillAmount: 1
  m_FillClockwise: 1
  m_FillOrigin: 0
  m_UseSpriteMesh: 0
--- !u!222 &2093970672
CanvasRenderer:
  m_ObjectHideFlags: 0
  m_CorrespondingSourceObject: {fileID: 0}
  m_PrefabInstance: {fileID: 0}
  m_PrefabAsset: {fileID: 0}
  m_GameObject: {fileID: 2093970669}
  m_CullTransparentMesh: 0
--- !u!1 &2135604472
GameObject:
  m_ObjectHideFlags: 0
  m_CorrespondingSourceObject: {fileID: 0}
  m_PrefabInstance: {fileID: 0}
  m_PrefabAsset: {fileID: 0}
  serializedVersion: 6
  m_Component:
  - component: {fileID: 2135604473}
  - component: {fileID: 2135604475}
  - component: {fileID: 2135604474}
  m_Layer: 5
  m_Name: Score
  m_TagString: Untagged
  m_Icon: {fileID: 0}
  m_NavMeshLayer: 0
  m_StaticEditorFlags: 0
  m_IsActive: 1
--- !u!224 &2135604473
RectTransform:
  m_ObjectHideFlags: 0
  m_CorrespondingSourceObject: {fileID: 0}
  m_PrefabInstance: {fileID: 0}
  m_PrefabAsset: {fileID: 0}
  m_GameObject: {fileID: 2135604472}
  m_LocalRotation: {x: 0, y: 0, z: 0, w: 1}
  m_LocalPosition: {x: 0, y: 0, z: 0}
  m_LocalScale: {x: 1, y: 1, z: 1}
  m_Children: []
  m_Father: {fileID: 1916146647}
  m_RootOrder: 3
  m_LocalEulerAnglesHint: {x: 0, y: 0, z: 0}
  m_AnchorMin: {x: 0.48900002, y: 0.61}
  m_AnchorMax: {x: 0.85333335, y: 0.70325005}
  m_AnchoredPosition: {x: -0.1000061, y: 0.11199951}
  m_SizeDelta: {x: -1.2000122, y: -0.02999878}
  m_Pivot: {x: 0.5, y: 0.5}
--- !u!114 &2135604474
MonoBehaviour:
  m_ObjectHideFlags: 0
  m_CorrespondingSourceObject: {fileID: 0}
  m_PrefabInstance: {fileID: 0}
  m_PrefabAsset: {fileID: 0}
  m_GameObject: {fileID: 2135604472}
  m_Enabled: 1
  m_EditorHideFlags: 0
  m_Script: {fileID: 708705254, guid: f70555f144d8491a825f0804e09c671c, type: 3}
  m_Name: 
  m_EditorClassIdentifier: 
  m_Material: {fileID: 0}
  m_Color: {r: 1, g: 1, b: 1, a: 1}
  m_RaycastTarget: 1
  m_OnCullStateChanged:
    m_PersistentCalls:
      m_Calls: []
    m_TypeName: UnityEngine.UI.MaskableGraphic+CullStateChangedEvent, UnityEngine.UI,
      Version=1.0.0.0, Culture=neutral, PublicKeyToken=null
  m_FontData:
    m_Font: {fileID: 10102, guid: 0000000000000000e000000000000000, type: 0}
    m_FontSize: 60
    m_FontStyle: 0
    m_BestFit: 0
    m_MinSize: 6
    m_MaxSize: 60
    m_Alignment: 4
    m_AlignByGeometry: 0
    m_RichText: 1
    m_HorizontalOverflow: 1
    m_VerticalOverflow: 1
    m_LineSpacing: 1
  m_Text: 
--- !u!222 &2135604475
CanvasRenderer:
  m_ObjectHideFlags: 0
  m_CorrespondingSourceObject: {fileID: 0}
  m_PrefabInstance: {fileID: 0}
  m_PrefabAsset: {fileID: 0}
  m_GameObject: {fileID: 2135604472}
  m_CullTransparentMesh: 0
--- !u!1001 &2636442873745539703
PrefabInstance:
  m_ObjectHideFlags: 0
  serializedVersion: 2
  m_Modification:
    m_TransformParent: {fileID: 1527588081}
    m_Modifications:
    - target: {fileID: 4824965847778165841, guid: 07d12a327c4ace54a8725818bd1f513d,
        type: 3}
      propertyPath: m_Name
      value: Button 0
      objectReference: {fileID: 0}
    - target: {fileID: 5422930127880662404, guid: 07d12a327c4ace54a8725818bd1f513d,
        type: 3}
      propertyPath: m_LocalPosition.x
      value: 0
      objectReference: {fileID: 0}
    - target: {fileID: 5422930127880662404, guid: 07d12a327c4ace54a8725818bd1f513d,
        type: 3}
      propertyPath: m_LocalPosition.y
      value: 0
      objectReference: {fileID: 0}
    - target: {fileID: 5422930127880662404, guid: 07d12a327c4ace54a8725818bd1f513d,
        type: 3}
      propertyPath: m_LocalPosition.z
      value: 0
      objectReference: {fileID: 0}
    - target: {fileID: 5422930127880662404, guid: 07d12a327c4ace54a8725818bd1f513d,
        type: 3}
      propertyPath: m_LocalRotation.x
      value: 0
      objectReference: {fileID: 0}
    - target: {fileID: 5422930127880662404, guid: 07d12a327c4ace54a8725818bd1f513d,
        type: 3}
      propertyPath: m_LocalRotation.y
      value: 0
      objectReference: {fileID: 0}
    - target: {fileID: 5422930127880662404, guid: 07d12a327c4ace54a8725818bd1f513d,
        type: 3}
      propertyPath: m_LocalRotation.z
      value: 0
      objectReference: {fileID: 0}
    - target: {fileID: 5422930127880662404, guid: 07d12a327c4ace54a8725818bd1f513d,
        type: 3}
      propertyPath: m_LocalRotation.w
      value: 1
      objectReference: {fileID: 0}
    - target: {fileID: 5422930127880662404, guid: 07d12a327c4ace54a8725818bd1f513d,
        type: 3}
      propertyPath: m_RootOrder
      value: 1
      objectReference: {fileID: 0}
    - target: {fileID: 5422930127880662404, guid: 07d12a327c4ace54a8725818bd1f513d,
        type: 3}
      propertyPath: m_LocalEulerAnglesHint.x
      value: 0
      objectReference: {fileID: 0}
    - target: {fileID: 5422930127880662404, guid: 07d12a327c4ace54a8725818bd1f513d,
        type: 3}
      propertyPath: m_LocalEulerAnglesHint.y
      value: 0
      objectReference: {fileID: 0}
    - target: {fileID: 5422930127880662404, guid: 07d12a327c4ace54a8725818bd1f513d,
        type: 3}
      propertyPath: m_LocalEulerAnglesHint.z
      value: 0
      objectReference: {fileID: 0}
    - target: {fileID: 5422930127880662404, guid: 07d12a327c4ace54a8725818bd1f513d,
        type: 3}
      propertyPath: m_AnchoredPosition.x
      value: 1
      objectReference: {fileID: 0}
    - target: {fileID: 5422930127880662404, guid: 07d12a327c4ace54a8725818bd1f513d,
        type: 3}
      propertyPath: m_AnchoredPosition.y
      value: 0.2000122
      objectReference: {fileID: 0}
    - target: {fileID: 5422930127880662404, guid: 07d12a327c4ace54a8725818bd1f513d,
        type: 3}
      propertyPath: m_SizeDelta.x
      value: 1.1000061
      objectReference: {fileID: 0}
    - target: {fileID: 5422930127880662404, guid: 07d12a327c4ace54a8725818bd1f513d,
        type: 3}
      propertyPath: m_SizeDelta.y
      value: -1
      objectReference: {fileID: 0}
    - target: {fileID: 5422930127880662404, guid: 07d12a327c4ace54a8725818bd1f513d,
        type: 3}
      propertyPath: m_AnchorMin.x
      value: 0.039696425
      objectReference: {fileID: 0}
    - target: {fileID: 5422930127880662404, guid: 07d12a327c4ace54a8725818bd1f513d,
        type: 3}
      propertyPath: m_AnchorMin.y
      value: 0.28483334
      objectReference: {fileID: 0}
    - target: {fileID: 5422930127880662404, guid: 07d12a327c4ace54a8725818bd1f513d,
        type: 3}
      propertyPath: m_AnchorMax.x
      value: 0.45537505
      objectReference: {fileID: 0}
    - target: {fileID: 5422930127880662404, guid: 07d12a327c4ace54a8725818bd1f513d,
        type: 3}
      propertyPath: m_AnchorMax.y
      value: 0.48188898
      objectReference: {fileID: 0}
    - target: {fileID: 5422930127880662404, guid: 07d12a327c4ace54a8725818bd1f513d,
        type: 3}
      propertyPath: m_Pivot.x
      value: 0.5
      objectReference: {fileID: 0}
    - target: {fileID: 5422930127880662404, guid: 07d12a327c4ace54a8725818bd1f513d,
        type: 3}
      propertyPath: m_Pivot.y
      value: 0.5
      objectReference: {fileID: 0}
    - target: {fileID: 4641564333485213871, guid: 07d12a327c4ace54a8725818bd1f513d,
        type: 3}
      propertyPath: m_Color.r
      value: 1
      objectReference: {fileID: 0}
    - target: {fileID: 4641564333485213871, guid: 07d12a327c4ace54a8725818bd1f513d,
        type: 3}
      propertyPath: m_Color.g
      value: 1
      objectReference: {fileID: 0}
    - target: {fileID: 4641564333485213871, guid: 07d12a327c4ace54a8725818bd1f513d,
        type: 3}
      propertyPath: m_Color.b
      value: 1
      objectReference: {fileID: 0}
    - target: {fileID: 1293529308180759496, guid: 07d12a327c4ace54a8725818bd1f513d,
        type: 3}
      propertyPath: m_OnClick.m_PersistentCalls.m_Calls.Array.size
      value: 1
      objectReference: {fileID: 0}
    - target: {fileID: 1293529308180759496, guid: 07d12a327c4ace54a8725818bd1f513d,
        type: 3}
      propertyPath: m_OnClick.m_PersistentCalls.m_Calls.Array.data[0].m_Mode
      value: 1
      objectReference: {fileID: 0}
    - target: {fileID: 1293529308180759496, guid: 07d12a327c4ace54a8725818bd1f513d,
        type: 3}
      propertyPath: m_OnClick.m_PersistentCalls.m_Calls.Array.data[0].m_CallState
      value: 2
      objectReference: {fileID: 0}
    - target: {fileID: 1293529308180759496, guid: 07d12a327c4ace54a8725818bd1f513d,
        type: 3}
      propertyPath: m_OnClick.m_PersistentCalls.m_Calls.Array.data[0].m_Target
      value: 
      objectReference: {fileID: 4824965847778165845}
    - target: {fileID: 1293529308180759496, guid: 07d12a327c4ace54a8725818bd1f513d,
        type: 3}
      propertyPath: m_OnClick.m_PersistentCalls.m_Calls.Array.data[0].m_MethodName
      value: Check_button
      objectReference: {fileID: 0}
    - target: {fileID: 1293529308180759496, guid: 07d12a327c4ace54a8725818bd1f513d,
        type: 3}
      propertyPath: m_OnClick.m_PersistentCalls.m_Calls.Array.data[0].m_Arguments.m_ObjectArgumentAssemblyTypeName
      value: UnityEngine.Object, UnityEngine
      objectReference: {fileID: 0}
    - target: {fileID: 5835963858295367212, guid: 07d12a327c4ace54a8725818bd1f513d,
        type: 3}
      propertyPath: switcher
      value: 
      objectReference: {fileID: 2062327056}
    - target: {fileID: 5835963858295367212, guid: 07d12a327c4ace54a8725818bd1f513d,
        type: 3}
      propertyPath: score_text
      value: 
      objectReference: {fileID: 961545842}
    - target: {fileID: 5835963858295367212, guid: 07d12a327c4ace54a8725818bd1f513d,
        type: 3}
      propertyPath: game_over_menu
      value: 
      objectReference: {fileID: 1916146646}
    - target: {fileID: 5835963858295367212, guid: 07d12a327c4ace54a8725818bd1f513d,
        type: 3}
      propertyPath: game_over_score
      value: 
      objectReference: {fileID: 2135604474}
    - target: {fileID: 5835963858295367212, guid: 07d12a327c4ace54a8725818bd1f513d,
        type: 3}
      propertyPath: record
      value: 
      objectReference: {fileID: 0}
    - target: {fileID: 5835963858295367212, guid: 07d12a327c4ace54a8725818bd1f513d,
        type: 3}
      propertyPath: timer_image
      value: 
      objectReference: {fileID: 1738005146}
    - target: {fileID: 5835963858295367212, guid: 07d12a327c4ace54a8725818bd1f513d,
        type: 3}
      propertyPath: timer
      value: 
      objectReference: {fileID: 1738005146}
    - target: {fileID: 5835963858295367212, guid: 07d12a327c4ace54a8725818bd1f513d,
        type: 3}
      propertyPath: menu
      value: 
      objectReference: {fileID: 1317253990}
    m_RemovedComponents: []
  m_SourcePrefab: {fileID: 100100000, guid: 07d12a327c4ace54a8725818bd1f513d, type: 3}
--- !u!1 &4824965847778165841 stripped
GameObject:
  m_CorrespondingSourceObject: {fileID: 4824965847778165841, guid: 07d12a327c4ace54a8725818bd1f513d,
    type: 3}
  m_PrefabInstance: {fileID: 2636442873745539703}
  m_PrefabAsset: {fileID: 0}
--- !u!114 &4824965847778165845 stripped
MonoBehaviour:
  m_CorrespondingSourceObject: {fileID: 5835963858295367212, guid: 07d12a327c4ace54a8725818bd1f513d,
    type: 3}
  m_PrefabInstance: {fileID: 2636442873745539703}
  m_PrefabAsset: {fileID: 0}
  m_GameObject: {fileID: 4824965847778165841}
  m_Enabled: 1
  m_EditorHideFlags: 0
  m_Script: {fileID: 11500000, guid: 835b153e11fe82641bc612005a16aabf, type: 3}
  m_Name: 
  m_EditorClassIdentifier: 
--- !u!224 &5422930127880662404 stripped
RectTransform:
  m_CorrespondingSourceObject: {fileID: 5422930127880662404, guid: 07d12a327c4ace54a8725818bd1f513d,
    type: 3}
  m_PrefabInstance: {fileID: 2636442873745539703}
  m_PrefabAsset: {fileID: 0}
